Account No,DATE,TRANSACTION DETAILS,CHQ.NO.,VALUE DATE,WITHDRAWAL AMT,DEPOSIT AMT,BALANCE AMT,CATEGORY
1196428,01/01/2023,SALARY,,01/01/2023,,250000.00,250000.00,SALARY
1196428,01/01/2023,MAX BUPA HEALTH INSURANCE,704273,01/01/2023,14160.00,,235840.00,INSURANCE
1196428,01/01/2023,EMI Phone(10/12),,01/01/2023,3000.00,,232840.00,EMI
1196428,01/01/2023,EMI Home loan(21/240),,01/01/2023,30000.00,,202840.00,EMI
1196428,01/01/2023,EMI Personal loan(16/36),,01/01/2023,5000.00,,197840.00,EMI
1196428,01/01/2023,EMI Shopping(1/3),,01/01/2023,5000.00,,192840.00,EMI
1196428,02/01/2023,CASHWITH,704308,02/01/2023,25000.00,,167840.00,BANK TRANSFERS
1196428,02/01/2023,SWIGGY,,02/01/2023,679.00,,167161.00,FOOD
1196428,02/01/2023,POS INSTAMART,,02/01/2023,984.00,,166177.00,UTILITIES
1196428,03/01/2023,POS CAB SERVICES,,03/01/2023,463.00,,165714.00,TRANSPORT
1196428,03/01/2023,SWIGGY,,03/01/2023,960.21,,164753.79,FOOD
1196428,03/01/2023,POS INSTAMART,,03/01/2023,1510.23,,163243.56,UTILITIES
1196428,03/01/2023,POS CAB SERVICES,,03/01/2023,181.12,,163062.44,TRANSPORT
1196428,03/01/2023,SHOPPING,,03/01/2023,425.39,,162637.05,SHOPPING
1196428,03/01/2023,SWIGGY,,03/01/2023,484.99,,162152.06,FOOD
1196428,04/01/2023,POS INSTAMART,,04/01/2023,22.00,,162130.06,UTILITIES
1196428,04/01/2023,POS CAB SERVICES,,04/01/2023,593.99,,161536.07,TRANSPORT
1196428,04/01/2023,SHOPPING,,04/01/2023,1755.99,,159780.08,SHOPPING
1196428,04/01/2023,SWIGGY,,04/01/2023,983.00,,158797.08,FOOD
1196428,07/01/2023,POS INSTAMART,,07/01/2023,978.00,,157819.08,UTILITIES
1196428,07/01/2023,POS CAB SERVICES,,07/01/2023,1100.00,,156719.08,TRANSPORT
1196428,07/01/2023,SWIGGY,,07/01/2023,14.00,,156705.08,FOOD
1196428,08/01/2023,POS INSTAMART,,08/01/2023,79.00,,156626.08,UTILITIES
1196428,08/01/2023,POS CAB SERVICES,,08/01/2023,38.84,,156587.24,TRANSPORT
1196428,08/01/2023,SHOPPING,,08/01/2023,1219.15,,155368.09,SHOPPING
1196428,08/01/2023,SWIGGY,,08/01/2023,91.45,,155276.64,FOOD
1196428,09/01/2023,POS INSTAMART,,09/01/2023,528.27,,154748.37,UTILITIES
1196428,09/01/2023,POS CAB SERVICES,704310,09/01/2023,594.00,,154154.37,TRANSPORT
1196428,10/01/2023,SHOPPING,,10/01/2023,1638.00,,152516.37,SHOPPING
1196428,10/01/2023,TATA AIG GENERAL INSURANCE,704307,10/01/2023,2405.23,,150111.14,INSURANCE
1196428,10/01/2023,POS DINEOUT,,10/01/2023,105.65,,150005.49,FOOD
1196428,10/01/2023,SWIGGY,,10/01/2023,22.87,,149982.62,FOOD
1196428,11/01/2023,POS INSTAMART,,11/01/2023,184.78,,149797.84,UTILITIES
1196428,11/01/2023,POS INSTAMART,,11/01/2023,816.80,,148981.04,UTILITIES
1196428,11/01/2023,POS CAB SERVICES,,11/01/2023,6.00,,148975.04,TRANSPORT
1196428,11/01/2023,SWIGGY,,11/01/2023,611.57,,148363.47,FOOD
1196428,14/01/2023,POS INSTAMART,,14/01/2023,287.55,,148075.92,UTILITIES
1196428,15/01/2023,POS CAB SERVICES,,15/01/2023,479.85,,147596.07,TRANSPORT
1196428,15/01/2023,SHOPPING,,15/01/2023,708.00,,146888.07,SHOPPING
1196428,15/01/2023,POS INSTAMART,,15/01/2023,453.85,,146434.22,UTILITIES
1196428,15/01/2023,POS CAB SERVICES,,15/01/2023,451.51,,145982.71,TRANSPORT
1196428,15/01/2023,SWIGGY,,15/01/2023,537.00,,145445.71,FOOD
1196428,15/01/2023,POS INSTAMART,704309,15/01/2023,659.92,,144785.79,UTILITIES
1196428,15/01/2023,POS CAB SERVICES,,15/01/2023,468.41,,144317.38,TRANSPORT
1196428,15/01/2023,SHOPPING,,15/01/2023,78.00,,144239.38,SHOPPING
1196428,16/01/2023,SWIGGY,,16/01/2023,40.56,,144198.82,FOOD
1196428,16/01/2023,POS INSTAMART,,16/01/2023,527.68,,143671.14,UTILITIES
1196428,16/01/2023,POS CAB SERVICES,,16/01/2023,936.50,,142734.64,TRANSPORT
1196428,17/01/2023,SHOPPING,,17/01/2023,176.00,,142558.64,SHOPPING
1196428,17/01/2023,POS INSTAMART,,17/01/2023,356.44,,142202.20,UTILITIES
1196428,17/01/2023,POS INSTAMART,,17/01/2023,905.00,,141297.20,UTILITIES
1196428,17/01/2023,POS CAB SERVICES,,17/01/2023,189.00,,141108.20,TRANSPORT
1196428,17/01/2023,SHOPPING,,17/01/2023,225.00,,140883.20,SHOPPING
1196428,18/01/2023,SWIGGY,,18/01/2023,921.00,,139962.20,FOOD
1196428,18/01/2023,POS INSTAMART,,18/01/2023,265.00,,139697.20,UTILITIES
1196428,18/01/2023,POS INSTAMART,,18/01/2023,942.00,,138755.20,UTILITIES
1196428,18/01/2023,POS CAB SERVICES,,18/01/2023,100.96,,138654.24,TRANSPORT
1196428,19/01/2023,POS INSTAMART,,19/01/2023,683.67,,137970.57,UTILITIES
1196428,19/01/2023,POS INSTAMART,,19/01/2023,118.36,,137852.21,UTILITIES
1196428,19/01/2023,POS INSTAMART,,19/01/2023,565.39,,137286.82,UTILITIES
1196428,19/01/2023,POS CAB SERVICES,,19/01/2023,260.55,,137026.27,TRANSPORT
1196428,19/01/2023,SHOPPING,,19/01/2023,122.24,,136904.03,SHOPPING
1196428,19/01/2023,POS INSTAMART,,19/01/2023,497.42,,136406.61,UTILITIES
1196428,19/01/2023,POS INSTAMART,,19/01/2023,401.00,,136005.61,UTILITIES
1196428,21/01/2023,SWIGGY,,21/01/2023,1100.65,,134904.96,FOOD
1196428,21/01/2023,POS INSTAMART,,21/01/2023,604.92,,134300.04,UTILITIES
1196428,21/01/2023,POS INSTAMART,,21/01/2023,282.00,,134018.04,UTILITIES
1196428,22/01/2023,SWIGGY,,22/01/2023,591.00,,133427.04,FOOD
1196428,22/01/2023,POS INSTAMART,,22/01/2023,943.00,,132484.04,UTILITIES
1196428,22/01/2023,POS INSTAMART,,22/01/2023,10.00,,132474.04,UTILITIES
1196428,22/01/2023,POS CAB SERVICES,,22/01/2023,480.00,,131994.04,TRANSPORT
1196428,22/01/2023,SHOPPING,,22/01/2023,543.23,,131450.81,SHOPPING
1196428,23/01/2023,POS INSTAMART,,23/01/2023,279.74,,131171.07,UTILITIES
1196428,23/01/2023,POS CAB SERVICES,,23/01/2023,767.00,,130404.07,TRANSPORT
1196428,23/01/2023,SHOPPING,,23/01/2023,1293.38,,129110.69,SHOPPING
1196428,23/01/2023,SWIGGY,,23/01/2023,959.00,,128151.69,FOOD
1196428,24/01/2023,POS INSTAMART,,24/01/2023,219.40,,127932.29,UTILITIES
1196428,24/01/2023,POS CAB SERVICES,,24/01/2023,235.00,,127697.29,TRANSPORT
1196428,24/01/2023,SWIGGY,,24/01/2023,597.00,,127100.29,FOOD
1196428,24/01/2023,POS INSTAMART,,24/01/2023,363.00,,126737.29,UTILITIES
1196428,25/01/2023,POS CAB SERVICES,,25/01/2023,475.00,,126262.29,TRANSPORT
1196428,25/01/2023,SWIGGY,,25/01/2023,444.82,,125817.47,FOOD
1196428,25/01/2023,POS INSTAMART,,25/01/2023,928.98,,124888.49,UTILITIES
1196428,28/01/2023,SWIGGY,,28/01/2023,684.43,,124204.06,FOOD
1196428,29/01/2023,POS INSTAMART,,29/01/2023,380.54,,123823.52,UTILITIES
1196428,29/01/2023,SWIGGY,,29/01/2023,434.53,,123388.99,FOOD
1196428,29/01/2023,SWIGGY,,29/01/2023,292.23,,123096.76,FOOD
1196428,29/01/2023,POS INSTAMART,,29/01/2023,100.00,,122996.76,UTILITIES
1196428,29/01/2023,POS INSTAMART,,29/01/2023,196.00,,122800.76,UTILITIES
1196428,30/01/2023,POS CAB SERVICES,704379,30/01/2023,742.00,,122058.76,TRANSPORT
1196428,31/01/2023,POS INSTAMART,,31/01/2023,1175.78,,120882.98,UTILITIES
1196428,31/01/2023,SWIGGY,,31/01/2023,480.00,,120402.98,FOOD
1196428,31/01/2023,INTEREST Coll:01-01-20,,31/01/2023,,834.85,121237.83,INTEREST
1196428,01/02/2023,SALARY,,01/02/2023,,250000.00,371237.83,SALARY
1196428,01/02/2023,MAX BUPA HEALTH INSURANCE,,01/02/2023,30.00,,371207.83,INSURANCE
1196428,01/02/2023,EMI Phone(11/12),,01/02/2023,3000.00,,368207.83,EMI
1196428,01/02/2023,EMI Home loan(22/240),,01/02/2023,30000.00,,338207.83,EMI
1196428,01/02/2023,EMI Personal loan(17/36),,01/02/2023,5000.00,,333207.83,EMI
1196428,01/02/2023,EMI Shopping(2/3),,01/02/2023,5000.00,,328207.83,EMI
1196428,01/02/2023,CASHWITH,,01/02/2023,343.01,,327864.82,BANK TRANSFERS
1196428,01/02/2023,SWIGGY,,01/02/2023,157.00,,327707.82,FOOD
1196428,01/02/2023,POS INSTAMART,,01/02/2023,1789.99,,325917.83,UTILITIES
1196428,02/02/2023,POS CAB SERVICES,,02/02/2023,272.00,,325645.83,TRANSPORT
1196428,02/02/2023,SWIGGY,,02/02/2023,1209.00,,324436.83,FOOD
1196428,02/02/2023,POS INSTAMART,,02/02/2023,138.00,,324298.83,UTILITIES
1196428,02/02/2023,POS CAB SERVICES,,02/02/2023,766.00,,323532.83,TRANSPORT
1196428,02/02/2023,SHOPPING,,02/02/2023,764.15,,322768.68,SHOPPING
1196428,02/02/2023,POS INSTAMART,,02/02/2023,920.57,,321848.11,UTILITIES
1196428,02/02/2023,POS CAB SERVICES,,02/02/2023,1223.21,,320624.90,TRANSPORT
1196428,02/02/2023,SHOPPING,,02/02/2023,286.55,,320338.35,SHOPPING
1196428,02/02/2023,POS INSTAMART,,02/02/2023,613.85,,319724.50,UTILITIES
1196428,02/02/2023,POS CAB SERVICES,,02/02/2023,180.84,,319543.66,TRANSPORT
1196428,02/02/2023,POS INSTAMART,,02/02/2023,324.63,,319219.03,UTILITIES
1196428,04/02/2023,POS INSTAMART,,04/02/2023,626.00,,318593.03,UTILITIES
1196428,04/02/2023,SWIGGY,,04/02/2023,188.00,,318405.03,FOOD
1196428,04/02/2023,POS INSTAMART,,04/02/2023,536.85,,317868.18,UTILITIES
1196428,04/02/2023,POS INSTAMART,,04/02/2023,215.51,,317652.67,UTILITIES
1196428,04/02/2023,POS CAB SERVICES,,04/02/2023,360.00,,317292.67,TRANSPORT
1196428,04/02/2023,SHOPPING,,04/02/2023,176.00,,317116.67,SHOPPING
1196428,05/02/2023,SWIGGY,,05/02/2023,271.44,,316845.23,FOOD
1196428,05/02/2023,SWIGGY,,05/02/2023,134.92,,316710.31,FOOD
1196428,05/02/2023,POS INSTAMART,,05/02/2023,1242.41,,315467.90,UTILITIES
1196428,05/02/2023,POS INSTAMART,,05/02/2023,130.00,,315337.90,UTILITIES
1196428,05/02/2023,POS CAB SERVICES,,05/02/2023,587.00,,314750.90,TRANSPORT
1196428,05/02/2023,SWIGGY,,05/02/2023,726.44,,314024.46,FOOD
1196428,05/02/2023,SWIGGY,,05/02/2023,341.68,,313682.78,FOOD
1196428,05/02/2023,POS INSTAMART,,05/02/2023,178.80,,313503.98,UTILITIES
1196428,06/02/2023,POS INSTAMART,,06/02/2023,595.52,,312908.46,UTILITIES
1196428,06/02/2023,POS CAB SERVICES,,06/02/2023,336.27,,312572.19,TRANSPORT
1196428,06/02/2023,SHOPPING,,06/02/2023,621.88,,311950.31,SHOPPING
1196428,06/02/2023,SWIGGY,,06/02/2023,472.58,,311477.73,FOOD
1196428,07/02/2023,POS INSTAMART,,07/02/2023,469.50,,311008.23,UTILITIES
1196428,07/02/2023,POS INSTAMART,,07/02/2023,38.74,,310969.49,UTILITIES
1196428,07/02/2023,POS CAB SERVICES,,07/02/2023,542.53,,310426.96,TRANSPORT
1196428,07/02/2023,SHOPPING,704381,07/02/2023,306.49,,310120.47,SHOPPING
1196428,07/02/2023,SWIGGY,704380,07/02/2023,169.00,,309951.47,FOOD
1196428,07/02/2023,POS INSTAMART,,07/02/2023,631.00,,309320.47,UTILITIES
1196428,07/02/2023,POS INSTAMART,,07/02/2023,462.69,,308857.78,UTILITIES
1196428,07/02/2023,POS CAB SERVICES,,07/02/2023,586.07,,308271.71,TRANSPORT
1196428,07/02/2023,POS INSTAMART,,07/02/2023,148.79,,308122.92,UTILITIES
1196428,08/02/2023,POS INSTAMART,,08/02/2023,25.17,,308097.75,UTILITIES
1196428,08/02/2023,POS CAB SERVICES,,08/02/2023,512.09,,307585.66,TRANSPORT
1196428,08/02/2023,SHOPPING,,08/02/2023,19.63,,307566.03,SHOPPING
1196428,11/02/2023,POS CAB SERVICES,,11/02/2023,572.07,,306993.96,TRANSPORT
1196428,11/02/2023,SHOPPING,,11/02/2023,411.12,,306582.84,SHOPPING
1196428,11/02/2023,POS INSTAMART,,11/02/2023,67.33,,306515.51,UTILITIES
1196428,11/02/2023,POS INSTAMART,,11/02/2023,810.00,,305705.51,UTILITIES
1196428,11/02/2023,POS CAB SERVICES,,11/02/2023,5483.00,,300222.51,TRANSPORT
1196428,12/02/2023,SHOPPING,,12/02/2023,318.88,,299903.63,SHOPPING
1196428,12/02/2023,SWIGGY,,12/02/2023,618.51,,299285.12,FOOD
1196428,12/02/2023,POS INSTAMART,,12/02/2023,524.20,,298760.92,UTILITIES
1196428,12/02/2023,POS INSTAMART,,12/02/2023,136.00,,298624.92,UTILITIES
1196428,12/02/2023,POS CAB SERVICES,,12/02/2023,243.71,,298381.21,TRANSPORT
1196428,12/02/2023,IMPS 904311124338 FAMILY,,12/02/2023,154.07,,298227.14,BANK TRANSFERS
1196428,12/02/2023,POS CAB SERVICES,,12/02/2023,4692.00,,293535.14,TRANSPORT
1196428,12/02/2023,ZOMATO,,12/02/2023,703.66,,292831.48,FOOD
1196428,12/02/2023,POS VEGETABLE SHOP,,12/02/2023,84.82,,292746.66,FOOD
1196428,13/02/2023,RTGS-ICICH19044490628-Indfor ,,13/02/2023,,5000.00,297746.66,BANK TRANSFERS
1196428,13/02/2023,ZOMATO,,13/02/2023,39.00,,297707.66,FOOD
1196428,13/02/2023,SWIGGY,,13/02/2023,157.78,,297549.88,FOOD
1196428,13/02/2023,IMPS 904311124338 FAMILY,,13/02/2023,133.02,,297416.86,BANK TRANSFERS
1196428,13/02/2023,POS VEGETABLE SHOP,,13/02/2023,231.00,,297185.86,FOOD
1196428,14/02/2023,IB:TPFT0099296221 3090067,,14/02/2023,1445.00,,295740.86,MISC
1196428,14/02/2023,IMPS 904311124338 FAMILY,,14/02/2023,5355.00,,290385.86,BANK TRANSFERS
1196428,14/02/2023,RTGS-UTIBH19045627063-Indfor,,14/02/2023,,3000.00,293385.86,BANK TRANSFERS
1196428,14/02/2023,POS BOOKMYSHOW,,14/02/2023,380.84,,293005.02,ENTERTAINMENT
1196428,14/02/2023,POS CAB SERVICES,,14/02/2023,1261.15,,291743.87,TRANSPORT
1196428,15/02/2023,SWIGGY,,15/02/2023,637.55,,291106.32,FOOD
1196428,15/02/2023,POS BOOKMYSHOW,,15/02/2023,100.27,,291006.05,ENTERTAINMENT
1196428,15/02/2023,IMPS 904311124338 FAMILY,,15/02/2023,285.21,,290720.84,BANK TRANSFERS
1196428,15/02/2023,POS DINEOUT,,15/02/2023,645.55,,290075.29,FOOD
1196428,15/02/2023,POS VEGETABLE SHOP,,15/02/2023,237.15,,289838.14,FOOD
1196428,16/02/2023,POS CAB SERVICES,,16/02/2023,5089.00,,284749.14,TRANSPORT
1196428,16/02/2023,POS VEGETABLE SHOP,,16/02/2023,384.37,,284364.77,FOOD
1196428,18/02/2023,UPIPAYMENT,,18/02/2023,513.00,,283851.77,BANK TRANSFERS
1196428,18/02/2023,POS CAB SERVICES,,18/02/2023,5286.00,,278565.77,TRANSPORT
1196428,18/02/2023,POS CAB SERVICES,,18/02/2023,646.85,,277918.92,TRANSPORT
1196428,18/02/2023,POS VEGETABLE SHOP,,18/02/2023,230.51,,277688.41,FOOD
1196428,19/02/2023,IMPS 904311124338 FAMILY,,19/02/2023,5242.00,,272446.41,BANK TRANSFERS
1196428,19/02/2023,UPIPAYMENT,,19/02/2023,164.00,,272282.41,BANK TRANSFERS
1196428,19/02/2023,SWIGGY,,19/02/2023,121.56,,272160.85,FOOD
1196428,19/02/2023,IMPS 904311124338 FAMILY,,19/02/2023,290.00,,271870.85,BANK TRANSFERS
1196428,19/02/2023,SWIGGY,,19/02/2023,19801.00,,252069.85,FOOD
1196428,19/02/2023,POS VEGETABLE SHOP,,19/02/2023,245.95,,251823.90,FOOD
1196428,20/02/2023,IMPS 904311124338 FAMILY,,20/02/2023,238.85,,251585.05,BANK TRANSFERS
1196428,20/02/2023,UPIPAYMENT,,20/02/2023,429.58,,251155.47,BANK TRANSFERS
1196428,20/02/2023,UPIPAYMENT,,20/02/2023,323.26,,250832.21,BANK TRANSFERS
1196428,20/02/2023,POS CAB SERVICES,,20/02/2023,5250.00,,245582.21,TRANSPORT
1196428,20/02/2023,IMPS 904311124338 FAMILY,,20/02/2023,68.77,,245513.44,BANK TRANSFERS
1196428,20/02/2023,POS BOOKMYSHOW,,20/02/2023,349.47,,245163.97,ENTERTAINMENT
1196428,20/02/2023,MLCU00701802742,,20/02/2023,474.51,,244689.46,MISC
1196428,20/02/2023,POS DINEOUT,,20/02/2023,125.31,,244564.15,FOOD
1196428,20/02/2023,POS VEGETABLE SHOP,,20/02/2023,4536.00,,240028.15,FOOD
1196428,21/02/2023,IMPS 904311124338 FAMILY,,21/02/2023,541.93,,239486.22,BANK TRANSFERS
1196428,21/02/2023,UPIPAYMENT,,21/02/2023,4700.00,,234786.22,BANK TRANSFERS
1196428,21/02/2023,SWIGGY,,21/02/2023,85.20,,234701.02,FOOD
1196428,21/02/2023,SWIGGY,,21/02/2023,564.60,,234136.42,FOOD
1196428,21/02/2023,POS BOOKMYSHOW,,21/02/2023,215.86,,233920.56,ENTERTAINMENT
1196428,21/02/2023,IMPS 904311124338 FAMILY,,21/02/2023,425.60,,233494.96,BANK TRANSFERS
1196428,22/02/2023,POS CAB SERVICES,,22/02/2023,31.60,,233463.36,TRANSPORT
1196428,22/02/2023,IMPS 904311124338 FAMILY,,22/02/2023,134.40,,233328.96,BANK TRANSFERS
1196428,22/02/2023,UPIPAYMENT,,22/02/2023,651.60,,232677.36,BANK TRANSFERS
1196428,22/02/2023,SWIGGY,,22/02/2023,5474.00,,227203.36,FOOD
1196428,22/02/2023,POS VEGETABLE SHOP,,22/02/2023,560.52,,226642.84,FOOD
1196428,25/02/2023,UPIPAYMENT,,25/02/2023,326.60,,226316.24,BANK TRANSFERS
1196428,25/02/2023,POS CAB SERVICES,,25/02/2023,465.71,,225850.53,TRANSPORT
1196428,25/02/2023,SWIGGY,,25/02/2023,550.20,,225300.33,FOOD
1196428,25/02/2023,SWIGGY,,25/02/2023,442.60,,224857.73,FOOD
1196428,25/02/2023,IMPS 904311124338 FAMILY,,25/02/2023,209.52,,224648.21,BANK TRANSFERS
1196428,25/02/2023,POS BOOKMYSHOW,,25/02/2023,8.71,,224639.50,ENTERTAINMENT
1196428,25/02/2023,POS DINEOUT,,25/02/2023,88.52,,224550.98,FOOD
1196428,25/02/2023,POS VEGETABLE SHOP,,25/02/2023,466.96,,224084.02,FOOD
1196428,26/02/2023,POS DINEOUT,,26/02/2023,334.59,,223749.43,FOOD
1196428,26/02/2023,UPIPAYMENT,,26/02/2023,708.00,,223041.43,BANK TRANSFERS
1196428,26/02/2023,POS CAB SERVICES,,26/02/2023,169.66,,222871.77,TRANSPORT
1196428,26/02/2023,UPIPAYMENT,,26/02/2023,488.52,,222383.25,BANK TRANSFERS
1196428,26/02/2023,SWIGGY,,26/02/2023,405.10,,221978.15,FOOD
1196428,26/02/2023,SWIGGY,,26/02/2023,42.63,,221935.52,FOOD
1196428,26/02/2023,SWIGGY,,26/02/2023,245.60,,221689.92,FOOD
1196428,26/02/2023,SWIGGY,,26/02/2023,112.53,,221577.39,FOOD
1196428,26/02/2023,UPI-905717075848-TRANFER-,,26/02/2023,588.59,,220988.80,BANK TRANSFERS
1196428,26/02/2023,POS VEGETABLE SHOP,,26/02/2023,324.48,,220664.32,FOOD
1196428,27/02/2023,POS CAB SERVICES,,27/02/2023,71.96,,220592.36,TRANSPORT
1196428,27/02/2023,UPIPAYMENT,,27/02/2023,703.59,,219888.77,BANK TRANSFERS
1196428,27/02/2023,UPIPAYMENT,,27/02/2023,625.60,,219263.17,BANK TRANSFERS
1196428,27/02/2023,POS BOOKMYSHOW,,27/02/2023,75.60,,219187.57,ENTERTAINMENT
1196428,27/02/2023,UPIPAYMENT,,27/02/2023,679.27,,218508.30,BANK TRANSFERS
1196428,27/02/2023,UPIPAYMENT,,27/02/2023,51.48,,218456.82,BANK TRANSFERS
1196428,27/02/2023,UPIPAYMENT,,27/02/2023,258.92,,218197.90,BANK TRANSFERS
1196428,27/02/2023,UPIPAYMENT,,27/02/2023,5291.00,,212906.90,BANK TRANSFERS
1196428,27/02/2023,ZOMATO,,27/02/2023,332.16,,212574.74,FOOD
1196428,27/02/2023,POS DINEOUT,,27/02/2023,328.00,,212246.74,FOOD
1196428,27/02/2023,POS VEGETABLE SHOP,,27/02/2023,333.48,,211913.26,FOOD
1196428,28/02/2023,UPIPAYMENT,,28/02/2023,24856.00,,187057.26,BANK TRANSFERS
1196428,28/02/2023,ZOMATO,,28/02/2023,657.97,,186399.29,FOOD
1196428,28/02/2023,IMPS 904311124338 FAMILY,,28/02/2023,61.33,,186337.96,BANK TRANSFERS
1196428,28/02/2023,POS VEGETABLE SHOP,,28/02/2023,319.11,,186018.85,FOOD
1196428,28/02/2023,INTEREST Coll:01-02-20,,28/02/2023,,956.66,186975.51,INTEREST
1196428,01/06/2023,UPIPAYMENT,,01/03/2023,474.86,,186500.65,BANK TRANSFERS
1196428,01/03/2023,SALARY,,01/03/2023,,250000.00,436500.65,SALARY
1196428,01/03/2023,MAX BUPA HEALTH INSURANCE,,01/03/2023,600.67,,435899.98,INSURANCE
1196428,01/03/2023,EMI Phone(12/12),,01/03/2023,3000.00,,432899.98,EMI
1196428,01/03/2023,EMI Home loan(23/240),,01/03/2023,30000.00,,402899.98,EMI
1196428,01/03/2023,EMI Personal loan(18/36),704391,01/03/2023,5000.00,,397899.98,EMI
1196428,01/03/2023,EMI Shopping(3/3),,01/03/2023,5000.00,,392899.98,EMI
1196428,01/03/2023,CASHWITH,,01/03/2023,151.83,,392748.15,BANK TRANSFERS
1196428,02/03/2023,UPIPAYMENT,,02/03/2023,249.60,,392498.55,BANK TRANSFERS
1196428,02/03/2023,VODAFONE MOBILE SERVICES,704389,02/03/2023,901.00,,391597.55,BILL PAYMENT
1196428,02/03/2023,VODAFONE MOBILE SERVICES,704388,02/03/2023,1472.00,,390125.55,BILL PAYMENT
1196428,02/03/2023,SWIGGY,,02/03/2023,66.00,,390059.55,FOOD
1196428,02/03/2023,POS VEGETABLE SHOP,,02/03/2023,808.00,,389251.55,FOOD
1196428,04/03/2023,IMPS 904311124338 FAMILY,,04/03/2023,112.84,,389138.71,BANK TRANSFERS
1196428,04/03/2023,POS VEGETABLE SHOP,,04/03/2023,635.15,,388503.56,FOOD
1196428,05/03/2023,UPIPAYMENT,,05/03/2023,636.55,,387867.01,BANK TRANSFERS
1196428,05/03/2023,IMPS 904311124338 FAMILY,,05/03/2023,103.27,,387763.74,BANK TRANSFERS
1196428,05/03/2023,SWIGGY,,05/03/2023,536.00,,387227.74,FOOD
1196428,05/03/2023,SWIGGY,,05/03/2023,1589.00,,385638.74,FOOD
1196428,05/03/2023,SWIGGY,,05/03/2023,2227.23,,383411.51,FOOD
1196428,05/03/2023,POS BOOKMYSHOW,,05/03/2023,260.65,,383150.86,ENTERTAINMENT
1196428,07/03/2023,POS INSTAMART,,07/03/2023,507.87,,382642.99,UTILITIES
1196428,07/03/2023,POS CAB SERVICES,,07/03/2023,302.78,,382340.21,TRANSPORT
1196428,07/03/2023,SWIGGY,,07/03/2023,857.80,,381482.41,FOOD
1196428,08/03/2023,POS INSTAMART,,08/03/2023,367.00,,381115.41,UTILITIES
1196428,08/03/2023,POS CAB SERVICES,,08/03/2023,875.57,,380239.84,TRANSPORT
1196428,08/03/2023,SHOPPING,,08/03/2023,334.55,,379905.29,SHOPPING
1196428,08/03/2023,SWIGGY,,08/03/2023,175.85,,379729.44,FOOD
1196428,09/03/2023,POS INSTAMART,,09/03/2023,345.84,,379383.60,UTILITIES
1196428,09/03/2023,POS CAB SERVICES,704310,09/03/2023,158.00,,379225.60,TRANSPORT
1196428,10/03/2023,SHOPPING,,10/03/2023,83.15,,379142.45,SHOPPING
1196428,10/03/2023,TATA AIG GENERAL INSURANCE,704307,10/03/2023,330.49,,378811.96,INSURANCE
1196428,10/03/2023,POS DINEOUT,,10/03/2023,770.00,,378041.96,FOOD
1196428,10/03/2023,SWIGGY,,10/03/2023,143.92,,377898.04,FOOD
1196428,11/03/2023,POS INSTAMART,,11/03/2023,780.41,,377117.63,UTILITIES
1196428,11/03/2023,POS INSTAMART,,11/03/2023,128.00,,376989.63,UTILITIES
1196428,11/03/2023,POS CAB SERVICES,,11/03/2023,245.44,,376744.19,TRANSPORT
1196428,11/03/2023,SWIGGY,,11/03/2023,104.68,,376639.51,FOOD
1196428,14/03/2023,POS INSTAMART,,14/03/2023,252.20,,376387.31,UTILITIES
1196428,15/03/2023,POS CAB SERVICES,,15/03/2023,417.85,,375969.46,TRANSPORT
1196428,15/03/2023,SHOPPING,,15/03/2023,480.16,,375489.30,SHOPPING
1196428,15/03/2023,SWIGGY,,15/03/2023,1157.08,,374332.22,FOOD
1196428,15/03/2023,POS INSTAMART,,15/03/2023,500.20,,373832.02,UTILITIES
1196428,15/03/2023,POS CAB SERVICES,,15/03/2023,101.82,,373730.20,TRANSPORT
1196428,15/03/2023,SWIGGY,,15/03/2023,671.57,,373058.63,FOOD
1196428,15/03/2023,POS INSTAMART,704309,15/03/2023,222.50,,372836.13,UTILITIES
1196428,15/03/2023,POS CAB SERVICES,,15/03/2023,228.67,,372607.46,TRANSPORT
1196428,15/03/2023,SHOPPING,,15/03/2023,636.64,,371970.82,SHOPPING
1196428,16/03/2023,SWIGGY,,16/03/2023,199.39,,371771.43,FOOD
1196428,16/03/2023,POS INSTAMART,,16/03/2023,10.55,,371760.88,UTILITIES
1196428,16/03/2023,POS CAB SERVICES,,16/03/2023,686.24,,371074.64,TRANSPORT
1196428,16/03/2023,SHOPPING,,16/03/2023,531.42,,370543.22,SHOPPING
1196428,16/03/2023,POS INSTAMART,,16/03/2023,544.00,,369999.22,UTILITIES
1196428,19/03/2023,POS INSTAMART,,19/03/2023,1232.65,,368766.57,UTILITIES
1196428,19/03/2023,POS CAB SERVICES,,19/03/2023,593.92,,368172.65,TRANSPORT
1196428,19/03/2023,SHOPPING,,19/03/2023,636.00,,367536.65,SHOPPING
1196428,19/03/2023,POS INSTAMART,,19/03/2023,128.00,,367408.65,UTILITIES
1196428,19/03/2023,POS INSTAMART,,19/03/2023,540.00,,366868.65,UTILITIES
1196428,19/03/2023,POS CAB SERVICES,,19/03/2023,866.00,,366002.65,TRANSPORT
1196428,19/03/2023,POS INSTAMART,,19/03/2023,472.00,,365530.65,UTILITIES
1196428,19/03/2023,POS INSTAMART,,19/03/2023,209.23,,365321.42,UTILITIES
1196428,19/03/2023,POS CAB SERVICES,,19/03/2023,354.74,,364966.68,TRANSPORT
1196428,19/03/2023,SHOPPING,,19/03/2023,1200.00,,363766.68,SHOPPING
1196428,19/03/2023,POS INSTAMART,,19/03/2023,983.38,,362783.30,UTILITIES
1196428,19/03/2023,POS INSTAMART,,19/03/2023,791.00,,361992.30,UTILITIES
1196428,21/03/2023,SWIGGY,,21/03/2023,225.60,,361766.70,FOOD
1196428,21/03/2023,POS INSTAMART,,21/03/2023,42.00,,361724.70,UTILITIES
1196428,21/03/2023,POS INSTAMART,,21/03/2023,739.00,,360985.70,UTILITIES
1196428,22/03/2023,SWIGGY,,22/03/2023,291.00,,360694.70,FOOD
1196428,22/03/2023,POS INSTAMART,,22/03/2023,193.00,,360501.70,UTILITIES
1196428,22/03/2023,POS INSTAMART,,22/03/2023,434.18,,360067.52,UTILITIES
1196428,22/03/2023,POS CAB SERVICES,,22/03/2023,696.98,,359370.54,TRANSPORT
1196428,22/03/2023,SHOPPING,,22/03/2023,723.43,,358647.11,SHOPPING
1196428,23/03/2023,POS INSTAMART,,23/03/2023,919.54,,357727.57,UTILITIES
1196428,23/03/2023,POS CAB SERVICES,,23/03/2023,716.53,,357011.04,TRANSPORT
1196428,23/03/2023,SHOPPING,,23/03/2023,1227.23,,355783.81,SHOPPING
1196428,23/03/2023,SWIGGY,,23/03/2023,67.00,,355716.81,FOOD
1196428,24/03/2023,POS INSTAMART,,24/03/2023,704.00,,355012.81,UTILITIES
1196428,24/03/2023,POS CAB SERVICES,,24/03/2023,808.00,,354204.81,TRANSPORT
1196428,24/03/2023,SWIGGY,,24/03/2023,315.78,,353889.03,FOOD
1196428,24/03/2023,POS INSTAMART,,24/03/2023,366.00,,353523.03,UTILITIES
1196428,25/03/2023,POS CAB SERVICES,,25/03/2023,317.00,,353206.03,TRANSPORT
1196428,25/03/2023,SWIGGY,,25/03/2023,25155.00,,328051.03,FOOD
1196428,25/03/2023,POS INSTAMART,,25/03/2023,619.00,,327432.03,UTILITIES
1196428,28/03/2023,SWIGGY,,28/03/2023,540.00,,326892.03,FOOD
1196428,29/03/2023,POS INSTAMART,,29/03/2023,445.00,,326447.03,UTILITIES
1196428,29/03/2023,SWIGGY,,29/03/2023,1115.21,,325331.82,FOOD
1196428,29/03/2023,SWIGGY,,29/03/2023,1495.23,,323836.59,FOOD
1196428,29/03/2023,POS INSTAMART,,29/03/2023,341.12,,323495.47,UTILITIES
1196428,29/03/2023,POS INSTAMART,,29/03/2023,109.61,,323385.86,UTILITIES
1196428,30/03/2023,POS CAB SERVICES,704379,30/03/2023,52.01,,323333.85,TRANSPORT
1196428,31/03/2023,POS INSTAMART,,31/03/2023,526.00,,322807.85,UTILITIES
1196428,31/03/2023,SWIGGY,,31/03/2023,780.99,,322026.86,FOOD
1196428,31/03/2023,INTEREST Coll:01-03-20,,31/03/2023,,1034.85,323061.71,INTEREST
1196428,01/04/2023,SALARY,,01/04/2023,,250000.00,573061.71,SALARY
1196428,01/04/2023,MAX BUPA HEALTH INSURANCE,704273,01/04/2023,1099.00,,571962.71,INSURANCE
1196428,01/04/2023,EMI Home loan(24/240),,01/04/2023,30000.00,,541962.71,EMI
1196428,01/04/2023,EMI Personal loan(19/36),,01/04/2023,5000.00,,536962.71,EMI
1196428,02/04/2023,CASHWITH,704308,02/04/2023,1564.15,,535398.56,BANK TRANSFERS
1196428,02/04/2023,SWIGGY,,02/04/2023,544.55,,534854.01,FOOD
1196428,02/04/2023,POS INSTAMART,,02/04/2023,369.27,,534484.74,UTILITIES
1196428,03/04/2023,POS CAB SERVICES,,03/04/2023,102.00,,534382.74,TRANSPORT
1196428,03/04/2023,SWIGGY,,03/04/2023,2159.00,,532223.74,FOOD
1196428,03/04/2023,POS INSTAMART,,03/04/2023,2644.23,,529579.51,UTILITIES
1196428,03/04/2023,POS CAB SERVICES,,03/04/2023,537.65,,529041.86,TRANSPORT
1196428,03/04/2023,SHOPPING,,03/04/2023,163.13,,528878.73,SHOPPING
1196428,03/04/2023,SWIGGY,,03/04/2023,171.22,,528707.51,FOOD
1196428,04/04/2023,POS INSTAMART,,04/04/2023,975.80,,527731.71,UTILITIES
1196428,04/04/2023,POS CAB SERVICES,,04/04/2023,80.00,,527651.71,TRANSPORT
1196428,04/04/2023,SHOPPING,,04/04/2023,733.57,,526918.14,SHOPPING
1196428,04/04/2023,SWIGGY,,04/04/2023,675.55,,526242.59,FOOD
1196428,07/04/2023,POS INSTAMART,,07/04/2023,95.85,,526146.74,UTILITIES
1196428,07/04/2023,POS CAB SERVICES,,07/04/2023,33.16,,526113.58,TRANSPORT
1196428,07/04/2023,SWIGGY,,07/04/2023,23.00,,526090.58,FOOD
1196428,08/04/2023,POS INSTAMART,,08/04/2023,286.15,,525804.43,UTILITIES
1196428,08/04/2023,POS CAB SERVICES,,08/04/2023,416.51,,525387.92,TRANSPORT
1196428,08/04/2023,SHOPPING,,08/04/2023,62.33,,525325.59,SHOPPING
1196428,08/04/2023,SWIGGY,,08/04/2023,220.84,,525104.75,FOOD
1196428,09/04/2023,POS INSTAMART,,09/04/2023,3.00,,525101.75,UTILITIES
1196428,09/04/2023,POS CAB SERVICES,704310,09/04/2023,421.46,,524680.29,TRANSPORT
1196428,10/04/2023,SHOPPING,,10/04/2023,127.95,,524552.34,SHOPPING
1196428,10/04/2023,TATA AIG GENERAL INSURANCE,704307,10/04/2023,410.60,,524141.74,INSURANCE
1196428,10/04/2023,POS DINEOUT,,10/04/2023,163.00,,523978.74,FOOD
1196428,10/04/2023,SWIGGY,,10/04/2023,598.00,,523380.74,FOOD
1196428,11/04/2023,POS INSTAMART,,11/04/2023,924.00,,522456.74,UTILITIES
1196428,11/04/2023,POS INSTAMART,,11/04/2023,238.96,,522217.78,UTILITIES
1196428,11/04/2023,POS CAB SERVICES,,11/04/2023,343.88,,521873.90,TRANSPORT
1196428,11/04/2023,SWIGGY,,11/04/2023,173.01,,521700.89,FOOD
1196428,14/04/2023,POS INSTAMART,,14/04/2023,52.82,,521648.07,UTILITIES
1196428,15/04/2023,POS CAB SERVICES,,15/04/2023,376.37,,521271.70,TRANSPORT
1196428,15/04/2023,SHOPPING,,15/04/2023,217.16,,521054.54,SHOPPING
1196428,15/04/2023,SWIGGY,,15/04/2023,1078.08,,519976.46,FOOD
1196428,15/04/2023,POS INSTAMART,,15/04/2023,111.20,,519865.26,UTILITIES
1196428,15/04/2023,POS CAB SERVICES,,15/04/2023,464.82,,519400.44,TRANSPORT
1196428,15/04/2023,SWIGGY,,15/04/2023,111.57,,519288.87,FOOD
1196428,16/04/2023,POS INSTAMART,,16/04/2023,703.50,,518585.37,UTILITIES
1196428,16/04/2023,POS CAB SERVICES,,16/04/2023,214.67,,518370.70,TRANSPORT
1196428,16/04/2023,SHOPPING,,16/04/2023,33.64,,518337.06,SHOPPING
1196428,16/04/2023,POS INSTAMART,,16/04/2023,510.39,,517826.67,UTILITIES
1196428,16/04/2023,POS CAB SERVICES,,16/04/2023,425.55,,517401.12,TRANSPORT
1196428,16/04/2023,POS INSTAMART,,16/04/2023,307.24,,517093.88,UTILITIES
1196428,18/04/2023,POS INSTAMART,,18/04/2023,645.42,,516448.46,UTILITIES
1196428,18/04/2023,POS INSTAMART,,18/04/2023,869.00,,515579.46,UTILITIES
1196428,18/04/2023,POS CAB SERVICES,,18/04/2023,699.65,,514879.81,TRANSPORT
1196428,19/04/2023,POS INSTAMART,,19/04/2023,1321.92,,513557.89,UTILITIES
1196428,19/04/2023,POS CAB SERVICES,,19/04/2023,930.00,,512627.89,TRANSPORT
1196428,19/04/2023,SHOPPING,,19/04/2023,566.00,,512061.89,SHOPPING
1196428,19/04/2023,SWIGGY,,19/04/2023,445.00,,511616.89,FOOD
1196428,19/04/2023,POS INSTAMART,,19/04/2023,985.00,,510631.89,UTILITIES
1196428,19/04/2023,POS INSTAMART,,19/04/2023,500.00,,510131.89,UTILITIES
1196428,19/04/2023,POS CAB SERVICES,,19/04/2023,266.23,,509865.66,TRANSPORT
1196428,19/04/2023,SHOPPING,,19/04/2023,33.26,,509832.40,SHOPPING
1196428,19/04/2023,POS INSTAMART,,19/04/2023,587.00,,509245.40,UTILITIES
1196428,19/04/2023,POS INSTAMART,,19/04/2023,764.38,,508481.02,UTILITIES
1196428,19/04/2023,POS CAB SERVICES,,19/04/2023,315.00,,508166.02,TRANSPORT
1196428,19/04/2023,POS INSTAMART,,19/04/2023,57.40,,508108.62,UTILITIES
1196428,19/04/2023,POS INSTAMART,,19/04/2023,800.00,,507308.62,UTILITIES
1196428,19/04/2023,POS CAB SERVICES,,19/04/2023,666.00,,506642.62,TRANSPORT
1196428,19/04/2023,SHOPPING,,19/04/2023,332.00,,506310.62,SHOPPING
1196428,19/04/2023,POS INSTAMART,,19/04/2023,488.00,,505822.62,UTILITIES
1196428,19/04/2023,POS INSTAMART,,19/04/2023,162.18,,505660.44,UTILITIES
1196428,21/04/2023,SWIGGY,,21/04/2023,449.98,,505210.46,FOOD
1196428,21/04/2023,POS INSTAMART,,21/04/2023,944.43,,504266.03,UTILITIES
1196428,21/04/2023,POS INSTAMART,,21/04/2023,59.54,,504206.49,UTILITIES
1196428,22/04/2023,SWIGGY,,22/04/2023,591.53,,503614.96,FOOD
1196428,22/04/2023,POS INSTAMART,,22/04/2023,120.00,,503494.96,UTILITIES
1196428,22/04/2023,POS INSTAMART,,22/04/2023,168.00,,503326.96,UTILITIES
1196428,22/04/2023,POS CAB SERVICES,,22/04/2023,134.00,,503192.96,TRANSPORT
1196428,22/04/2023,SHOPPING,,22/04/2023,456.00,,502736.96,SHOPPING
1196428,23/04/2023,POS INSTAMART,,23/04/2023,24955.00,,477781.96,UTILITIES
1196428,23/04/2023,POS CAB SERVICES,,23/04/2023,16.00,,477765.96,TRANSPORT
1196428,23/04/2023,SHOPPING,,23/04/2023,1273.21,,476492.75,SHOPPING
1196428,23/04/2023,SWIGGY,,23/04/2023,1825.23,,474667.52,FOOD
1196428,24/04/2023,POS INSTAMART,,24/04/2023,185.12,,474482.40,UTILITIES
1196428,24/04/2023,POS CAB SERVICES,,24/04/2023,333.39,,474149.01,TRANSPORT
1196428,24/04/2023,SWIGGY,,24/04/2023,156.01,,473993.00,FOOD
1196428,24/04/2023,POS INSTAMART,,24/04/2023,105.00,,473888.00,UTILITIES
1196428,25/04/2023,POS CAB SERVICES,,25/04/2023,1946.99,,471941.01,TRANSPORT
1196428,25/04/2023,SWIGGY,,25/04/2023,225.00,,471716.01,FOOD
1196428,25/04/2023,POS INSTAMART,,25/04/2023,797.00,,470919.01,UTILITIES
1196428,28/04/2023,SWIGGY,,28/04/2023,697.00,,470222.01,FOOD
1196428,29/04/2023,POS INSTAMART,,29/04/2023,646.00,,469576.01,UTILITIES
1196428,29/04/2023,POS INSTAMART,,29/04/2023,1110.15,,468465.86,UTILITIES
1196428,29/04/2023,SWIGGY,,29/04/2023,89.55,,468376.31,FOOD
1196428,29/04/2023,INTEREST Coll:01-04-20,,29/04/2023,,1288.23,469664.54,INTEREST
1196428,29/04/2023,POS INSTAMART,,29/04/2023,2042.00,,467622.54,UTILITIES
1196428,30/04/2023,POS CAB SERVICES,704379,30/04/2023,5940.10,,461682.44,TRANSPORT
1196428,01/05/2023,SALARY,,01/05/2023,,250000.00,711682.44,SALARY
1196428,01/05/2023,MAX BUPA HEALTH INSURANCE,,01/05/2023,413.87,,711268.57,INSURANCE
1196428,01/05/2023,EMI Home loan(25/240),,01/05/2023,30000.00,,681268.57,EMI
1196428,01/05/2023,EMI Personal loan(20/36),,01/05/2023,5000.00,,676268.57,EMI
1196428,01/05/2023,CASHWITH,,01/05/2023,1168.21,,675100.36,BANK TRANSFERS
1196428,01/05/2023,SWIGGY,,01/05/2023,703.55,,674396.81,FOOD
1196428,01/05/2023,POS INSTAMART,,01/05/2023,229.15,,674167.66,UTILITIES
1196428,02/05/2023,POS CAB SERVICES,,02/05/2023,429.84,,673737.82,TRANSPORT
1196428,02/05/2023,SWIGGY,,02/05/2023,50.37,,673687.45,FOOD
1196428,02/05/2023,POS INSTAMART,,02/05/2023,388.00,,673299.45,UTILITIES
1196428,02/05/2023,POS CAB SERVICES,,02/05/2023,449.00,,672850.45,TRANSPORT
1196428,02/05/2023,SHOPPING,,02/05/2023,652.85,,672197.60,SHOPPING
1196428,02/05/2023,POS INSTAMART,,02/05/2023,6.51,,672191.09,UTILITIES
1196428,02/05/2023,POS CAB SERVICES,,02/05/2023,502.00,,671689.09,TRANSPORT
1196428,02/05/2023,SHOPPING,,02/05/2023,12.00,,671677.09,SHOPPING
1196428,02/05/2023,POS INSTAMART,,02/05/2023,263.44,,671413.65,UTILITIES
1196428,02/05/2023,POS CAB SERVICES,,02/05/2023,408.92,,671004.73,TRANSPORT
1196428,02/05/2023,POS INSTAMART,,02/05/2023,1011.41,,669993.32,UTILITIES
1196428,02/05/2023,POS CAB SERVICES,,02/05/2023,429.00,,669564.32,TRANSPORT
1196428,02/05/2023,SHOPPING,,02/05/2023,100.00,,669464.32,SHOPPING
1196428,02/05/2023,POS INSTAMART,,02/05/2023,450.44,,669013.88,UTILITIES
1196428,02/05/2023,POS CAB SERVICES,,02/05/2023,821.68,,668192.20,TRANSPORT
1196428,02/05/2023,SHOPPING,,02/05/2023,427.20,,667765.00,SHOPPING
1196428,02/05/2023,TATA AIG GENERAL INSURANCE,,10/05/2023,31.52,,667733.48,INSURANCE
1196428,02/05/2023,POS DINEOUT,,02/05/2023,600.27,,667133.21,FOOD
1196428,02/05/2023,POS INSTAMART,,02/05/2023,588.88,,666544.33,UTILITIES
1196428,02/05/2023,POS INSTAMART,,02/05/2023,639.58,,665904.75,UTILITIES
1196428,02/05/2023,POS CAB SERVICES,,02/05/2023,95.50,,665809.25,TRANSPORT
1196428,04/05/2023,POS INSTAMART,,04/05/2023,596.26,,665212.99,UTILITIES
1196428,04/05/2023,SWIGGY,,04/05/2023,305.47,,664907.52,FOOD
1196428,04/05/2023,POS INSTAMART,,04/05/2023,219.51,,664688.01,UTILITIES
1196428,04/05/2023,POS INSTAMART,,04/05/2023,620.00,,664068.01,UTILITIES
1196428,04/05/2023,POS CAB SERVICES,,04/05/2023,38.00,,664030.01,TRANSPORT
1196428,04/05/2023,SHOPPING,,04/05/2023,13.43,,664016.58,SHOPPING
1196428,05/05/2023,SWIGGY,,05/05/2023,527.84,,663488.74,FOOD
1196428,05/05/2023,SWIGGY,,05/05/2023,173.00,,663315.74,FOOD
1196428,05/05/2023,POS INSTAMART,,05/05/2023,265.00,,663050.74,UTILITIES
1196428,05/05/2023,POS INSTAMART,,05/05/2023,589.60,,662461.14,UTILITIES
1196428,05/05/2023,POS CAB SERVICES,,05/05/2023,38.95,,662422.19,TRANSPORT
1196428,05/05/2023,SWIGGY,,05/05/2023,15.69,,662406.50,FOOD
1196428,05/05/2023,SWIGGY,,05/05/2023,640.79,,661765.71,FOOD
1196428,05/05/2023,POS INSTAMART,,05/05/2023,592.29,,661173.42,UTILITIES
1196428,06/05/2023,POS INSTAMART,,06/05/2023,378.20,,660795.22,UTILITIES
1196428,06/05/2023,POS CAB SERVICES,,06/05/2023,55.58,,660739.64,TRANSPORT
1196428,06/05/2023,SHOPPING,,06/05/2023,300.60,,660439.04,SHOPPING
1196428,06/05/2023,SWIGGY,,06/05/2023,693.60,,659745.44,FOOD
1196428,07/05/2023,POS INSTAMART,,07/05/2023,208.60,,659536.84,UTILITIES
1196428,07/05/2023,POS INSTAMART,,07/05/2023,106.60,,659430.24,UTILITIES
1196428,07/05/2023,POS CAB SERVICES,,07/05/2023,246.68,,659183.56,TRANSPORT
1196428,07/05/2023,SHOPPING,704381,07/05/2023,58.60,,659124.96,SHOPPING
1196428,07/05/2023,SWIGGY,704380,07/05/2023,184.48,,658940.48,FOOD
1196428,07/05/2023,POS INSTAMART,,07/05/2023,15.71,,658924.77,UTILITIES
1196428,07/05/2023,POS INSTAMART,,07/05/2023,357.59,,658567.18,UTILITIES
1196428,07/05/2023,POS CAB SERVICES,,07/05/2023,667.59,,657899.59,TRANSPORT
1196428,07/05/2023,POS INSTAMART,,07/05/2023,534.00,,657365.59,UTILITIES
1196428,08/05/2023,POS INSTAMART,,08/05/2023,682.66,,656682.93,UTILITIES
1196428,08/05/2023,POS CAB SERVICES,,08/05/2023,171.48,,656511.45,TRANSPORT
1196428,08/05/2023,SHOPPING,,08/05/2023,475.10,,656036.35,SHOPPING
1196428,08/05/2023,SWIGGY,,08/05/2023,413.37,,655622.98,FOOD
1196428,08/05/2023,POS INSTAMART,,08/05/2023,378.60,,655244.38,UTILITIES
1196428,08/05/2023,POS INSTAMART,,08/05/2023,627.04,,654617.34,UTILITIES
1196428,08/05/2023,POS CAB SERVICES,,08/05/2023,366.59,,654250.75,TRANSPORT
1196428,08/05/2023,SHOPPING,,08/05/2023,700.60,,653550.15,SHOPPING
1196428,08/05/2023,POS INSTAMART,,08/05/2023,247.60,,653302.55,UTILITIES
1196428,08/05/2023,POS INSTAMART,,08/05/2023,523.27,,652779.28,UTILITIES
1196428,08/05/2023,POS CAB SERVICES,,08/05/2023,91.60,,652687.68,TRANSPORT
1196428,08/05/2023,POS INSTAMART,,08/05/2023,198.52,,652489.16,UTILITIES
1196428,08/05/2023,POS INSTAMART,,08/05/2023,298.48,,652190.68,UTILITIES
1196428,08/05/2023,POS CAB SERVICES,,08/05/2023,537.14,,651653.54,TRANSPORT
1196428,08/05/2023,SHOPPING,,08/05/2023,134.48,,651519.06,SHOPPING
1196428,08/05/2023,POS INSTAMART,,08/05/2023,113.46,,651405.60,UTILITIES
1196428,08/05/2023,POS INSTAMART,,08/05/2023,67.14,,651338.46,UTILITIES
1196428,08/05/2023,POS CAB SERVICES,,08/05/2023,201.96,,651136.50,TRANSPORT
1196428,08/05/2023,SHOPPING,,08/05/2023,89.96,,651046.54,SHOPPING
1196428,08/05/2023,POS INSTAMART,,08/05/2023,302.59,,650743.95,UTILITIES
1196428,08/05/2023,POS INSTAMART,,08/05/2023,158.83,,650585.12,UTILITIES
1196428,08/05/2023,POS CAB SERVICES,,08/05/2023,504.97,,650080.15,TRANSPORT
1196428,08/05/2023,POS INSTAMART,,08/05/2023,65.33,,650014.82,UTILITIES
1196428,08/05/2023,POS INSTAMART,,08/05/2023,518.11,,649496.71,UTILITIES
1196428,08/05/2023,POS CAB SERVICES,,08/05/2023,309.67,,649187.04,TRANSPORT
1196428,08/05/2023,SHOPPING,,08/05/2023,127.14,,649059.90,SHOPPING
1196428,08/05/2023,POS INSTAMART,,08/05/2023,636.69,,648423.21,UTILITIES
1196428,08/05/2023,POS INSTAMART,,08/05/2023,60.93,,648362.28,UTILITIES
1196428,08/05/2023,POS CAB SERVICES,,08/05/2023,777.79,,647584.49,TRANSPORT
1196428,08/05/2023,SHOPPING,,08/05/2023,250.17,,647334.32,SHOPPING
1196428,08/05/2023,POS INSTAMART,,08/05/2023,595.09,,646739.23,UTILITIES
1196428,08/05/2023,POS INSTAMART,,08/05/2023,301.00,,646438.23,UTILITIES
1196428,08/05/2023,POS CAB SERVICES,,08/05/2023,11.82,,646426.41,TRANSPORT
1196428,08/05/2023,POS INSTAMART,,08/05/2023,175.00,,646251.41,UTILITIES
1196428,08/05/2023,POS INSTAMART,,08/05/2023,425.82,,645825.59,UTILITIES
1196428,08/05/2023,POS CAB SERVICES,,08/05/2023,648.24,,645177.35,TRANSPORT
1196428,08/05/2023,SHOPPING,,08/05/2023,190.08,,644987.27,SHOPPING
1196428,08/05/2023,POS INSTAMART,,08/05/2023,143.78,,644843.49,UTILITIES
1196428,08/05/2023,POS INSTAMART,,08/05/2023,42.37,,644801.12,UTILITIES
1196428,08/05/2023,POS CAB SERVICES,,08/05/2023,65.93,,644735.19,TRANSPORT
1196428,08/05/2023,SHOPPING,,08/05/2023,116.12,,644619.07,SHOPPING
1196428,11/05/2023,POS INSTAMART,,11/05/2023,318.67,,644300.40,UTILITIES
1196428,11/05/2023,POS INSTAMART,,11/05/2023,358.00,,643942.40,UTILITIES
1196428,11/05/2023,POS CAB SERVICES,,11/05/2023,4957.00,,638985.40,TRANSPORT
1196428,11/05/2023,SWIGGY,,11/05/2023,640.88,,638344.52,FOOD
1196428,11/05/2023,POS INSTAMART,,11/05/2023,289.51,,638055.01,UTILITIES
1196428,11/05/2023,POS INSTAMART,,11/05/2023,508.20,,637546.81,UTILITIES
1196428,11/05/2023,POS CAB SERVICES,,11/05/2023,85.00,,637461.81,TRANSPORT
1196428,11/05/2023,SHOPPING,,11/05/2023,447.71,,637014.10,SHOPPING
1196428,11/05/2023,POS INSTAMART,,11/05/2023,32.93,,636981.17,UTILITIES
1196428,11/05/2023,POS INSTAMART,,11/05/2023,4979.00,,632002.17,UTILITIES
1196428,11/05/2023,POS CAB SERVICES,,11/05/2023,835.66,,631166.51,TRANSPORT
1196428,11/05/2023,SHOPPING,,11/05/2023,213.82,,630952.69,SHOPPING
1196428,11/05/2023,POS INSTAMART,,11/05/2023,4571.00,,626381.69,UTILITIES
1196428,11/05/2023,POS INSTAMART,,11/05/2023,5.00,,626376.69,UTILITIES
1196428,11/05/2023,POS CAB SERVICES,,11/05/2023,140.22,,626236.47,TRANSPORT
1196428,11/05/2023,POS INSTAMART,,11/05/2023,726.98,,625509.49,UTILITIES
1196428,11/05/2023,POS INSTAMART,,11/05/2023,118.67,,625390.82,UTILITIES
1196428,11/05/2023,POS CAB SERVICES,,11/05/2023,433.61,,624957.21,TRANSPORT
1196428,11/05/2023,SHOPPING,,11/05/2023,25.01,,624932.20,SHOPPING
1196428,11/05/2023,POS INSTAMART,,11/05/2023,433.99,,624498.21,UTILITIES
1196428,11/05/2023,POS INSTAMART,,11/05/2023,325.00,,624173.21,UTILITIES
1196428,11/05/2023,POS CAB SERVICES,,11/05/2023,1396.00,,622777.21,TRANSPORT
1196428,12/05/2023,SHOPPING,,12/05/2023,5481.00,,617296.21,SHOPPING
1196428,12/05/2023,SWIGGY,,12/05/2023,748.00,,616548.21,FOOD
1196428,12/05/2023,POS INSTAMART,,12/05/2023,424.84,,616123.37,UTILITIES
1196428,12/05/2023,POS INSTAMART,,12/05/2023,1491.15,,614632.22,UTILITIES
1196428,12/05/2023,POS CAB SERVICES,,12/05/2023,591.55,,614040.67,TRANSPORT
1196428,12/05/2023,IMPS 904311124338 FAMILY,,12/05/2023,592.27,,613448.40,BANK TRANSFERS
1196428,12/05/2023,POS CAB SERVICES,,12/05/2023,973.00,,612475.40,TRANSPORT
1196428,12/05/2023,ZOMATO,,12/05/2023,2422.00,,610053.40,FOOD
1196428,12/05/2023,POS VEGETABLE SHOP,,12/05/2023,5972.10,,604081.30,FOOD
1196428,13/05/2023,RTGS-ICICH19044490628-Indfor ,,13/05/2023,,2000.00,606081.30,BANK TRANSFERS
1196428,13/05/2023,ZOMATO,,13/05/2023,539.65,,605541.65,FOOD
1196428,13/05/2023,SWIGGY,,13/05/2023,313.78,,605227.87,FOOD
1196428,13/05/2023,IMPS 904311124338 FAMILY,,13/05/2023,211.80,,605016.07,BANK TRANSFERS
1196428,13/05/2023,POS VEGETABLE SHOP,,13/05/2023,407.85,,604608.22,FOOD
1196428,14/05/2023,IB:TPFT0099296221 3090067,,14/05/2023,4724.00,,599884.22,MISC
1196428,14/05/2023,IMPS 904311124338 FAMILY,,14/05/2023,319.63,,599564.59,BANK TRANSFERS
1196428,14/05/2023,RTGS-UTIBH19045627063-Indfor,,14/05/2023,,2000.00,601564.59,BANK TRANSFERS
1196428,14/05/2023,POS BOOKMYSHOW,,14/05/2023,4908.00,,596656.59,ENTERTAINMENT
1196428,14/05/2023,POS CAB SERVICES,,14/05/2023,51.15,,596605.44,TRANSPORT
1196428,14/05/2023,SWIGGY,,14/05/2023,283.51,,596321.93,FOOD
1196428,14/05/2023,SWIGGY,,14/05/2023,5156.00,,591165.93,FOOD
1196428,14/05/2023,POS DINEOUT,,14/05/2023,704.00,,590461.93,FOOD
1196428,14/05/2023,POS VEGETABLE SHOP,,14/05/2023,26.56,,590435.37,FOOD
1196428,15/05/2023,SWIGGY,,15/05/2023,70.00,,590365.37,FOOD
1196428,15/05/2023,POS BOOKMYSHOW,,15/05/2023,19869.00,,570496.37,ENTERTAINMENT
1196428,15/05/2023,IMPS 904311124338 FAMILY,,15/05/2023,112.05,,570384.32,BANK TRANSFERS
1196428,15/05/2023,POS DINEOUT,,15/05/2023,319.15,,570065.17,FOOD
1196428,15/05/2023,POS VEGETABLE SHOP,,15/05/2023,204.58,,569860.59,FOOD
1196428,16/05/2023,POS CAB SERVICES,,16/05/2023,37.26,,569823.33,TRANSPORT
1196428,16/05/2023,POS VEGETABLE SHOP,,16/05/2023,4541.00,,565282.33,FOOD
1196428,18/05/2023,UPIPAYMENT,,18/05/2023,98.23,,565184.10,BANK TRANSFERS
1196428,18/05/2023,UPIPAYMENT,,18/05/2023,132.53,,565051.57,BANK TRANSFERS
1196428,18/05/2023,UPIPAYMENT,,18/05/2023,175.49,,564876.08,BANK TRANSFERS
1196428,18/05/2023,UPIPAYMENT,,18/05/2023,219.69,,564656.39,BANK TRANSFERS
1196428,18/05/2023,POS CAB SERVICES,,18/05/2023,4500.00,,560156.39,TRANSPORT
1196428,18/05/2023,POS BOOKMYSHOW,,18/05/2023,703.93,,559452.46,ENTERTAINMENT
1196428,18/05/2023,POS CAB SERVICES,,18/05/2023,5157.00,,554295.46,TRANSPORT
1196428,18/05/2023,POS CAB SERVICES,,18/05/2023,31.20,,554264.26,TRANSPORT
1196428,18/05/2023,POS VEGETABLE SHOP,,18/05/2023,363.60,,553900.66,FOOD
1196428,19/05/2023,IMPS 904311124338 FAMILY,,19/05/2023,306.14,,553594.52,BANK TRANSFERS
1196428,19/05/2023,UPIPAYMENT,,19/05/2023,657.60,,552936.92,BANK TRANSFERS
1196428,19/05/2023,SWIGGY,,19/05/2023,173.60,,552763.32,FOOD
1196428,19/05/2023,IMPS 904311124338 FAMILY,,19/05/2023,661.60,,552101.72,BANK TRANSFERS
1196428,19/05/2023,SWIGGY,,19/05/2023,9.60,,552092.12,FOOD
1196428,19/05/2023,POS VEGETABLE SHOP,,19/05/2023,4835.00,,547257.12,FOOD
1196428,20/05/2023,IMPS 904311124338 FAMILY,,20/05/2023,194.48,,547062.64,BANK TRANSFERS
1196428,20/05/2023,UPIPAYMENT,,20/05/2023,126.60,,546936.04,BANK TRANSFERS
1196428,20/05/2023,UPIPAYMENT,,20/05/2023,394.71,,546541.33,BANK TRANSFERS
1196428,20/05/2023,POS CAB SERVICES,,20/05/2023,109.20,,546432.13,TRANSPORT
1196428,20/05/2023,IMPS 904311124338 FAMILY,,20/05/2023,119.60,,546312.53,BANK TRANSFERS
1196428,20/05/2023,POS BOOKMYSHOW,,20/05/2023,398.52,,545914.01,ENTERTAINMENT
1196428,20/05/2023,MLCU00701802742,,20/05/2023,102.71,,545811.30,MISC
1196428,20/05/2023,POS DINEOUT,,20/05/2023,293.48,,545517.82,FOOD
1196428,20/05/2023,POS VEGETABLE SHOP,,20/05/2023,614.96,,544902.86,FOOD
1196428,21/05/2023,IMPS 904311124338 FAMILY,,21/05/2023,105.41,,544797.45,BANK TRANSFERS
1196428,21/05/2023,UPIPAYMENT,,21/05/2023,628.00,,544169.45,BANK TRANSFERS
1196428,21/05/2023,SWIGGY,,21/05/2023,189.34,,543980.11,FOOD
1196428,21/05/2023,SWIGGY,,21/05/2023,143.52,,543836.59,FOOD
1196428,21/05/2023,POS BOOKMYSHOW,,21/05/2023,666.10,,543170.49,ENTERTAINMENT
1196428,21/05/2023,IMPS 904311124338 FAMILY,,21/05/2023,318.37,,542852.12,BANK TRANSFERS
1196428,22/05/2023,POS CAB SERVICES,,22/05/2023,729.60,,542122.52,TRANSPORT
1196428,22/05/2023,IMPS 904311124338 FAMILY,,22/05/2023,466.47,,541656.05,BANK TRANSFERS
1196428,22/05/2023,UPIPAYMENT,,22/05/2023,193.41,,541462.64,BANK TRANSFERS
1196428,22/05/2023,SWIGGY,,22/05/2023,201.52,,541261.12,FOOD
1196428,22/05/2023,POS VEGETABLE SHOP,,22/05/2023,600.04,,540661.08,FOOD
1196428,25/05/2023,UPIPAYMENT,,25/05/2023,634.59,,540026.49,BANK TRANSFERS
1196428,25/05/2023,POS CAB SERVICES,,25/05/2023,16.60,,540009.89,TRANSPORT
1196428,25/05/2023,SWIGGY,,25/05/2023,420.60,,539589.29,FOOD
1196428,25/05/2023,SWIGGY,,25/05/2023,585.27,,539004.02,FOOD
1196428,25/05/2023,IMPS 904311124338 FAMILY,,25/05/2023,201.52,,538802.50,BANK TRANSFERS
1196428,25/05/2023,POS BOOKMYSHOW,,25/05/2023,349.08,,538453.42,ENTERTAINMENT
1196428,25/05/2023,POS DINEOUT,,25/05/2023,4747.00,,533706.42,FOOD
1196428,25/05/2023,POS VEGETABLE SHOP,,25/05/2023,486.16,,533220.26,FOOD
1196428,26/05/2023,POS DINEOUT,,26/05/2023,275.00,,532945.26,FOOD
1196428,26/05/2023,UPIPAYMENT,,26/05/2023,588.52,,532356.74,BANK TRANSFERS
1196428,26/05/2023,POS CAB SERVICES,,26/05/2023,274.00,,532082.74,TRANSPORT
1196428,26/05/2023,UPIPAYMENT,,26/05/2023,25192.00,,506890.74,BANK TRANSFERS
1196428,26/05/2023,SWIGGY,,26/05/2023,37.97,,506852.77,FOOD
1196428,26/05/2023,SWIGGY,,26/05/2023,46.33,,506806.44,FOOD
1196428,26/05/2023,SWIGGY,,26/05/2023,10.11,,506796.33,FOOD
1196428,26/05/2023,SWIGGY,,26/05/2023,323.64,,506472.69,FOOD
1196428,26/05/2023,UPI-905717075848-TRANFER-,,26/05/2023,34.86,,506437.83,BANK TRANSFERS
1196428,26/05/2023,POS VEGETABLE SHOP,,26/05/2023,5040.00,,501397.83,FOOD
1196428,27/05/2023,POS CAB SERVICES,,27/05/2023,904.67,,500493.16,TRANSPORT
1196428,27/05/2023,UPIPAYMENT,,27/05/2023,260.30,,500232.86,BANK TRANSFERS
1196428,27/05/2023,UPIPAYMENT,,27/05/2023,5224.00,,495008.86,BANK TRANSFERS
1196428,27/05/2023,POS BOOKMYSHOW,,27/05/2023,25.49,,494983.37,ENTERTAINMENT
1196428,27/05/2023,UPIPAYMENT,,27/05/2023,917.79,,494065.58,BANK TRANSFERS
1196428,27/05/2023,UPIPAYMENT,,27/05/2023,37.17,,494028.41,BANK TRANSFERS
1196428,27/05/2023,UPIPAYMENT,,27/05/2023,29.60,,493998.81,BANK TRANSFERS
1196428,27/05/2023,UPIPAYMENT,,27/05/2023,1475.00,,492523.81,BANK TRANSFERS
1196428,27/05/2023,ZOMATO,,27/05/2023,1113.00,,491410.81,FOOD
1196428,27/05/2023,POS DINEOUT,,27/05/2023,262.00,,491148.81,FOOD
1196428,27/05/2023,POS VEGETABLE SHOP,,27/05/2023,287.00,,490861.81,FOOD
1196428,28/05/2023,UPIPAYMENT,,28/05/2023,705.15,,490156.66,BANK TRANSFERS
1196428,28/05/2023,ZOMATO,,28/05/2023,751.55,,489405.11,FOOD
1196428,28/05/2023,IMPS 904311124338 FAMILY,,28/05/2023,529.27,,488875.84,BANK TRANSFERS
1196428,28/05/2023,POS VEGETABLE SHOP,,28/05/2023,535.00,,488340.84,FOOD
1196428,28/05/2023,INTEREST Coll:01-05-20,,28/05/2023,,1456.66,489797.50,INTEREST
1196428,01/06/2023,UPIPAYMENT,,01/06/2023,2035.23,,487762.27,BANK TRANSFERS
1196428,01/06/2023,SALARY,,01/06/2023,,250000.00,737762.27,SALARY
1196428,01/06/2023,MAX BUPA HEALTH INSURANCE,,01/06/2023,205.13,,737557.14,INSURANCE
1196428,01/06/2023,EMI Home loan(26/240),,01/06/2023,30000.00,,707557.14,EMI
1196428,01/06/2023,EMI Personal loan(21/36),704391,01/06/2023,5000.00,,702557.14,EMI
1196428,01/06/2023,CASHWITH,,01/06/2023,559.55,,701997.59,BANK TRANSFERS
1196428,02/06/2023,UPIPAYMENT,,02/06/2023,386.85,,701610.74,BANK TRANSFERS
1196428,02/06/2023,VODAFONE MOBILE SERVICES,704389,02/06/2023,442.84,,701167.90,BILL PAYMENT
1196428,02/06/2023,VODAFONE MOBILE SERVICES,704388,02/06/2023,183.00,,700984.90,BILL PAYMENT
1196428,02/06/2023,SWIGGY,,02/06/2023,79.85,,700905.05,FOOD
1196428,02/06/2023,POS VEGETABLE SHOP,,02/06/2023,526.51,,700378.54,FOOD
1196428,04/06/2023,IMPS 904311124338 FAMILY,,04/06/2023,368.00,,700010.54,BANK TRANSFERS
1196428,04/06/2023,POS VEGETABLE SHOP,,04/06/2023,267.92,,699742.62,FOOD
1196428,05/06/2023,UPIPAYMENT,,05/06/2023,456.41,,699286.21,BANK TRANSFERS
1196428,05/06/2023,IMPS 904311124338 FAMILY,,05/06/2023,326.00,,698960.21,BANK TRANSFERS
1196428,05/06/2023,SWIGGY,,05/06/2023,105.44,,698854.77,FOOD
1196428,05/06/2023,SWIGGY,,05/06/2023,204.68,,698650.09,FOOD
1196428,05/06/2023,SWIGGY,,05/06/2023,533.20,,698116.89,FOOD
1196428,05/06/2023,POS BOOKMYSHOW,,05/06/2023,109.15,,698007.74,ENTERTAINMENT
1196428,07/06/2023,POS INSTAMART,,07/06/2023,753.57,,697254.17,UTILITIES
1196428,07/06/2023,POS CAB SERVICES,,07/06/2023,573.50,,696680.67,TRANSPORT
1196428,07/06/2023,SWIGGY,,07/06/2023,866.00,,695814.67,FOOD
1196428,08/06/2023,POS INSTAMART,,08/06/2023,611.44,,695203.23,UTILITIES
1196428,08/06/2023,POS CAB SERVICES,,08/06/2023,220.00,,694983.23,TRANSPORT
1196428,08/06/2023,SHOPPING,,08/06/2023,10.00,,694973.23,SHOPPING
1196428,08/06/2023,SWIGGY,,08/06/2023,574.00,,694399.23,FOOD
1196428,09/06/2023,POS INSTAMART,,09/06/2023,459.00,,693940.23,UTILITIES
1196428,09/06/2023,POS CAB SERVICES,704310,09/06/2023,73.00,,693867.23,TRANSPORT
1196428,10/06/2023,SHOPPING,,10/06/2023,504.00,,693363.23,SHOPPING
1196428,10/06/2023,TATA AIG GENERAL INSURANCE,704307,10/06/2023,187.04,,693176.19,INSURANCE
1196428,10/06/2023,POS DINEOUT,,10/06/2023,229.88,,692946.31,FOOD
1196428,10/06/2023,SWIGGY,,10/06/2023,349.99,,692596.32,FOOD
1196428,11/06/2023,POS INSTAMART,,11/06/2023,306.18,,692290.14,UTILITIES
1196428,11/06/2023,POS INSTAMART,,11/06/2023,96.63,,692193.51,UTILITIES
1196428,11/06/2023,POS CAB SERVICES,,11/06/2023,101.16,,692092.35,TRANSPORT
1196428,11/06/2023,SWIGGY,,11/06/2023,927.08,,691165.27,FOOD
1196428,14/06/2023,POS INSTAMART,,14/06/2023,84.24,,691081.03,UTILITIES
1196428,15/06/2023,POS CAB SERVICES,,15/06/2023,688.42,,690392.61,TRANSPORT
1196428,15/06/2023,SHOPPING,,15/06/2023,300.00,,690092.61,SHOPPING
1196428,15/06/2023,SWIGGY,,15/06/2023,469.65,,689622.96,FOOD
1196428,15/06/2023,POS INSTAMART,,15/06/2023,847.92,,688775.04,UTILITIES
1196428,15/06/2023,POS CAB SERVICES,,15/06/2023,666.00,,688109.04,TRANSPORT
1196428,15/06/2023,SWIGGY,,15/06/2023,342.00,,687767.04,FOOD
1196428,15/06/2023,POS INSTAMART,704309,15/06/2023,828.00,,686939.04,UTILITIES
1196428,15/06/2023,POS CAB SERVICES,,15/06/2023,604.00,,686335.04,TRANSPORT
1196428,15/06/2023,SHOPPING,,15/06/2023,605.00,,685730.04,SHOPPING
1196428,16/06/2023,SWIGGY,,16/06/2023,311.23,,685418.81,FOOD
1196428,16/06/2023,POS INSTAMART,,16/06/2023,170.26,,685248.55,UTILITIES
1196428,16/06/2023,POS CAB SERVICES,,16/06/2023,1240.00,,684008.55,TRANSPORT
1196428,16/06/2023,SHOPPING,,16/06/2023,1321.38,,682687.17,SHOPPING
1196428,16/06/2023,POS INSTAMART,,16/06/2023,765.00,,681922.17,UTILITIES
1196428,17/06/2023,POS CAB SERVICES,,17/06/2023,285.40,,681636.77,TRANSPORT
1196428,17/06/2023,SHOPPING,,17/06/2023,244.00,,681392.77,SHOPPING
1196428,17/06/2023,POS INSTAMART,,17/06/2023,690.00,,680702.77,UTILITIES
1196428,17/06/2023,POS INSTAMART,,17/06/2023,353.00,,680349.77,UTILITIES
1196428,17/06/2023,POS CAB SERVICES,,17/06/2023,221.00,,680128.77,TRANSPORT
1196428,17/06/2023,SHOPPING,,17/06/2023,31.82,,680096.95,SHOPPING
1196428,18/06/2023,SWIGGY,,18/06/2023,1159.98,,678936.97,FOOD
1196428,18/06/2023,POS INSTAMART,,18/06/2023,1022.43,,677914.54,UTILITIES
1196428,18/06/2023,POS INSTAMART,,18/06/2023,664.54,,677250.00,UTILITIES
1196428,18/06/2023,POS CAB SERVICES,,18/06/2023,974.53,,676275.47,TRANSPORT
1196428,19/06/2023,POS INSTAMART,,19/06/2023,614.23,,675661.24,UTILITIES
1196428,19/06/2023,POS CAB SERVICES,,19/06/2023,471.00,,675190.24,TRANSPORT
1196428,19/06/2023,SHOPPING,,19/06/2023,414.00,,674776.24,SHOPPING
1196428,19/06/2023,SWIGGY,,19/06/2023,10.00,,674766.24,FOOD
1196428,19/06/2023,POS INSTAMART,,19/06/2023,630.78,,674135.46,UTILITIES
1196428,19/06/2023,POS INSTAMART,,19/06/2023,339.00,,673796.46,UTILITIES
1196428,19/06/2023,POS CAB SERVICES,,19/06/2023,679.08,,673117.38,TRANSPORT
1196428,19/06/2023,POS INSTAMART,,19/06/2023,257.24,,672860.14,UTILITIES
1196428,19/06/2023,POS INSTAMART,,19/06/2023,777.42,,672082.72,UTILITIES
1196428,21/06/2023,SWIGGY,,21/06/2023,500.00,,671582.72,FOOD
1196428,21/06/2023,POS INSTAMART,,21/06/2023,815.65,,670767.07,UTILITIES
1196428,21/06/2023,POS INSTAMART,,21/06/2023,975.92,,669791.15,UTILITIES
1196428,22/06/2023,SWIGGY,,22/06/2023,500.00,,669291.15,FOOD
1196428,22/06/2023,POS INSTAMART,,22/06/2023,500.00,,668791.15,UTILITIES
1196428,22/06/2023,POS INSTAMART,,22/06/2023,500.00,,668291.15,UTILITIES
1196428,22/06/2023,POS CAB SERVICES,,22/06/2023,500.00,,667791.15,TRANSPORT
1196428,22/06/2023,SHOPPING,,22/06/2023,500.00,,667291.15,SHOPPING
1196428,23/06/2023,POS INSTAMART,,23/06/2023,127.23,,667163.92,UTILITIES
1196428,23/06/2023,POS CAB SERVICES,,23/06/2023,119.74,,667044.18,TRANSPORT
1196428,23/06/2023,SHOPPING,,23/06/2023,775.00,,666269.18,SHOPPING
1196428,23/06/2023,SWIGGY,,23/06/2023,877.38,,665391.80,FOOD
1196428,24/06/2023,POS INSTAMART,,24/06/2023,500.00,,664891.80,UTILITIES
1196428,24/06/2023,POS CAB SERVICES,,24/06/2023,138.60,,664753.20,TRANSPORT
1196428,24/06/2023,SWIGGY,,24/06/2023,500.00,,664253.20,FOOD
1196428,24/06/2023,POS INSTAMART,,24/06/2023,500.00,,663753.20,UTILITIES
1196428,25/06/2023,POS CAB SERVICES,,25/06/2023,118.00,,663635.20,TRANSPORT
1196428,25/06/2023,SWIGGY,,25/06/2023,1.00,,663634.20,FOOD
1196428,25/06/2023,POS INSTAMART,,25/06/2023,0.18,,663634.02,UTILITIES
1196428,28/06/2023,SWIGGY,,28/06/2023,889.98,,662744.04,FOOD
1196428,29/06/2023,POS INSTAMART,,29/06/2023,584.43,,662159.61,UTILITIES
1196428,29/06/2023,SWIGGY,,29/06/2023,445.54,,661714.07,FOOD
1196428,29/06/2023,SWIGGY,,29/06/2023,640.53,,661073.54,FOOD
1196428,29/06/2023,POS INSTAMART,,29/06/2023,788.23,,660285.31,UTILITIES
1196428,29/06/2023,POS INSTAMART,,29/06/2023,20.00,,660265.31,UTILITIES
1196428,30/06/2023,POS CAB SERVICES,704379,30/06/2023,324.00,,659941.31,TRANSPORT
1196428,30/06/2023,POS INSTAMART,,31/06/2023,500.00,,659441.31,UTILITIES
1196428,30/06/2023,SWIGGY,,31/06/2023,737.78,,658703.53,FOOD
1196428,30/06/2023,INTEREST Coll:01-06-20,,31/06/2023,,1634.85,660338.38,INTEREST