Account No,DATE,TRANSACTION DETAILS,CHQ.NO.,VALUE DATE,WITHDRAWAL AMT,DEPOSIT AMT,BALANCE AMT
1196428,01/01/2023,SALARY,,01/01/2023,,100000.00,100000.00
1196428,01/01/2023,MAX BUPA HEALTH INSURANCE,704273,01/01/2023,6160.00,,93840.00
1196428,01/01/2023,EMI Phone(3/6),,01/01/2023,3000.00,,90840.00
1196428,01/01/2023,RENT INCOME,,01/01/2023,,30000.00,120840.00
1196428,01/01/2023,EMI Personal loan(3/24),,01/01/2023,5000.00,,115840.00
1196428,01/01/2023,EMI Shopping(2/3),,01/01/2023,5000.00,,110840.00
1196428,02/01/2023,CASHWITH,704308,02/01/2023,5000.00,,105840.00
1196428,02/01/2023,SWIGGY,,02/01/2023,679.00,,105161.00
1196428,02/01/2023,POS INSTAMART,,02/01/2023,984.00,,104177.00
1196428,03/01/2023,POS CAB SERVICES,,03/01/2023,463.00,,103714.00
1196428,03/01/2023,SWIGGY,,03/01/2023,960.21,,102753.79
1196428,03/01/2023,POS INSTAMART,,03/01/2023,1510.23,,101243.56
1196428,03/01/2023,POS CAB SERVICES,,03/01/2023,181.12,,101062.44
1196428,03/01/2023,SHOPPING,,03/01/2023,425.39,,100637.05
1196428,03/01/2023,SWIGGY,,03/01/2023,484.99,,100152.06
1196428,04/01/2023,POS INSTAMART,,04/01/2023,22.00,,100130.06
1196428,04/01/2023,POS CAB SERVICES,,04/01/2023,593.99,,99536.07
1196428,04/01/2023,SHOPPING,,04/01/2023,1755.99,,97780.08
1196428,04/01/2023,SWIGGY,,04/01/2023,983.00,,96797.08
1196428,07/01/2023,POS INSTAMART,,07/01/2023,978.00,,95819.08
1196428,07/01/2023,POS CAB SERVICES,,07/01/2023,1100.00,,94719.08
1196428,07/01/2023,SWIGGY,,07/01/2023,14.00,,94705.08
1196428,08/01/2023,POS INSTAMART,,08/01/2023,79.00,,94626.08
1196428,08/01/2023,POS CAB SERVICES,,08/01/2023,38.84,,94587.24
1196428,08/01/2023,SHOPPING,,08/01/2023,1219.15,,93368.09
1196428,09/01/2023,POS INSTAMART,,09/01/2023,528.27,,92839.82
1196428,09/01/2023,POS CAB SERVICES,704310,09/01/2023,594.00,,92245.82
1196428,10/01/2023,SHOPPING,,10/01/2023,1638.00,,90607.82
1196428,10/01/2023,TATA AIG GENERAL INSURANCE,704307,10/01/2023,1405.23,,89202.59
1196428,10/01/2023,POS DINEOUT,,10/01/2023,105.65,,89096.94
1196428,11/01/2023,POS INSTAMART,,11/01/2023,184.78,,88912.16
1196428,11/01/2023,POS INSTAMART,,11/01/2023,816.80,,88095.36
1196428,11/01/2023,POS CAB SERVICES,,11/01/2023,6.00,,88089.36
1196428,14/01/2023,POS INSTAMART,,14/01/2023,287.55,,87801.81
1196428,15/01/2023,POS CAB SERVICES,,15/01/2023,479.85,,87321.96
1196428,15/01/2023,SHOPPING,,15/01/2023,708.00,,86613.96
1196428,15/01/2023,POS INSTAMART,,15/01/2023,453.85,,86160.11
1196428,15/01/2023,POS CAB SERVICES,,15/01/2023,451.51,,85708.60
1196428,15/01/2023,POS INSTAMART,704309,15/01/2023,659.92,,85048.68
1196428,15/01/2023,POS CAB SERVICES,,15/01/2023,468.41,,84580.27
1196428,15/01/2023,SHOPPING,,15/01/2023,78.00,,84502.27
1196428,16/01/2023,POS INSTAMART,,16/01/2023,527.68,,83974.59
1196428,16/01/2023,POS CAB SERVICES,,16/01/2023,936.50,,83038.09
1196428,17/01/2023,SHOPPING,,17/01/2023,176.00,,82862.09
1196428,17/01/2023,POS INSTAMART,,17/01/2023,356.44,,82505.65
1196428,17/01/2023,POS INSTAMART,,17/01/2023,905.00,,81600.65
1196428,17/01/2023,POS CAB SERVICES,,17/01/2023,189.00,,81411.65
1196428,17/01/2023,SHOPPING,,17/01/2023,225.00,,81186.65
1196428,18/01/2023,POS INSTAMART,,18/01/2023,265.00,,80921.65
1196428,18/01/2023,POS INSTAMART,,18/01/2023,942.00,,79979.65
1196428,18/01/2023,POS CAB SERVICES,,18/01/2023,100.96,,79878.69
1196428,19/01/2023,POS INSTAMART,,19/01/2023,683.67,,79195.02
1196428,19/01/2023,SHOPPING,,19/01/2023,118.36,,79076.66
1196428,19/01/2023,POS INSTAMART,,19/01/2023,565.39,,78511.27
1196428,19/01/2023,POS CAB SERVICES,,19/01/2023,260.55,,78250.72
1196428,19/01/2023,SHOPPING,,19/01/2023,122.24,,78128.48
1196428,19/01/2023,POS INSTAMART,,19/01/2023,497.42,,77631.06
1196428,19/01/2023,POS INSTAMART,,19/01/2023,401.00,,77230.06
1196428,21/01/2023,POS INSTAMART,,21/01/2023,604.92,,76625.14
1196428,21/01/2023,POS INSTAMART,,21/01/2023,282.00,,76343.14
1196428,22/01/2023,POS INSTAMART,,22/01/2023,943.00,,75400.14
1196428,22/01/2023,POS INSTAMART,,22/01/2023,10.00,,75390.14
1196428,22/01/2023,POS CAB SERVICES,,22/01/2023,480.00,,74910.14
1196428,22/01/2023,SHOPPING,,22/01/2023,543.23,,74366.91
1196428,23/01/2023,POS INSTAMART,,23/01/2023,279.74,,74087.17
1196428,23/01/2023,POS CAB SERVICES,,23/01/2023,767.00,,73320.17
1196428,23/01/2023,SHOPPING,,23/01/2023,1293.38,,72026.79
1196428,24/01/2023,POS INSTAMART,,24/01/2023,219.40,,71807.39
1196428,24/01/2023,POS CAB SERVICES,,24/01/2023,235.00,,71572.39
1196428,24/01/2023,POS INSTAMART,,24/01/2023,363.00,,71209.39
1196428,25/01/2023,POS CAB SERVICES,,25/01/2023,475.00,,70734.39
1196428,25/01/2023,POS INSTAMART,,25/01/2023,928.98,,69805.41
1196428,29/01/2023,POS INSTAMART,,29/01/2023,380.54,,69424.87
1196428,29/01/2023,SWIGGY,,29/01/2023,434.53,,68990.34
1196428,29/01/2023,SWIGGY,,29/01/2023,292.23,,68698.11
1196428,29/01/2023,POS INSTAMART,,29/01/2023,100.00,,68598.11
1196428,29/01/2023,POS INSTAMART,,29/01/2023,196.00,,68402.11
1196428,30/01/2023,POS CAB SERVICES,704379,30/01/2023,742.00,,67660.11
1196428,31/01/2023,POS INSTAMART,,31/01/2023,1175.78,,66484.33
1196428,31/01/2023,SWIGGY,,31/01/2023,480.00,,66004.33
1196428,31/01/2023,INTEREST .Coll:01-01-20,,31/01/2023,,834.85,66839.18
1196428,01/02/2023,SALARY,,01/02/2023,,100000.00,166839.18
1196428,01/02/2023,MAX BUPA HEALTH INSURANCE,,01/02/2023,6160.00,,160679.18
1196428,01/02/2023,EMI Phone(4/6),,01/02/2023,3000.00,,157679.18
1196428,01/02/2023,RENT INCOME,,01/02/2023,,30000.00,187679.18
1196428,01/02/2023,EMI Personal loan(4/24),,01/02/2023,5000.00,,182679.18
1196428,01/02/2023,EMI Shopping(3/3),,01/02/2023,5000.00,,177679.18
1196428,01/02/2023,CASHWITH,,01/02/2023,5000.00,,172679.18
1196428,01/02/2023,SWIGGY,,01/02/2023,157.00,,172522.18
1196428,01/02/2023,POS INSTAMART,,01/02/2023,1789.99,,170732.19
1196428,02/02/2023,POS CAB SERVICES,,02/02/2023,272.00,,170460.19
1196428,02/02/2023,SWIGGY,,02/02/2023,1209.00,,169251.19
1196428,02/02/2023,POS INSTAMART,,02/02/2023,138.00,,169113.19
1196428,02/02/2023,POS CAB SERVICES,,02/02/2023,766.00,,168347.19
1196428,02/02/2023,SHOPPING,,02/02/2023,764.15,,167583.04
1196428,02/02/2023,POS INSTAMART,,02/02/2023,920.57,,166662.47
1196428,02/02/2023,POS CAB SERVICES,,02/02/2023,1223.21,,165439.26
1196428,02/02/2023,SHOPPING,,02/02/2023,286.55,,165152.71
1196428,02/02/2023,POS INSTAMART,,02/02/2023,613.85,,164538.86
1196428,02/02/2023,SHOPPING,,02/02/2023,180.84,,164358.02
1196428,02/02/2023,POS INSTAMART,,02/02/2023,324.63,,164033.39
1196428,04/02/2023,POS INSTAMART,,04/02/2023,626.00,,163407.39
1196428,04/02/2023,ZOMATO,,04/02/2023,188.00,,163219.39
1196428,04/02/2023,POS INSTAMART,,04/02/2023,536.85,,162682.54
1196428,04/02/2023,POS INSTAMART,,04/02/2023,215.51,,162467.03
1196428,04/02/2023,POS CAB SERVICES,,04/02/2023,360.00,,162107.03
1196428,04/02/2023,SHOPPING,,04/02/2023,176.00,,161931.03
1196428,05/02/2023,SWIGGY,,05/02/2023,271.44,,161659.59
1196428,05/02/2023,SWIGGY,,05/02/2023,134.92,,161524.67
1196428,05/02/2023,POS INSTAMART,,05/02/2023,1242.41,,160282.26
1196428,05/02/2023,POS INSTAMART,,05/02/2023,130.00,,160152.26
1196428,05/02/2023,SHOPPING,,05/02/2023,587.00,,159565.26
1196428,05/02/2023,SWIGGY,,05/02/2023,726.44,,158838.82
1196428,05/02/2023,ZOMATO,,05/02/2023,341.68,,158497.14
1196428,05/02/2023,POS INSTAMART,,05/02/2023,178.80,,158318.34
1196428,06/02/2023,POS INSTAMART,,06/02/2023,595.52,,157722.82
1196428,06/02/2023,POS CAB SERVICES,,06/02/2023,336.27,,157386.55
1196428,06/02/2023,SHOPPING,,06/02/2023,621.88,,156764.67
1196428,06/02/2023,SWIGGY,,06/02/2023,472.58,,156292.09
1196428,07/02/2023,POS INSTAMART,,07/02/2023,469.50,,155822.59
1196428,07/02/2023,POS INSTAMART,,07/02/2023,38.74,,155783.85
1196428,07/02/2023,POS CAB SERVICES,,07/02/2023,542.53,,155241.32
1196428,07/02/2023,SHOPPING,704381,07/02/2023,306.49,,154934.83
1196428,07/02/2023,SWIGGY,704380,07/02/2023,169.00,,154765.83
1196428,07/02/2023,POS INSTAMART,,07/02/2023,631.00,,154134.83
1196428,07/02/2023,POS INSTAMART,,07/02/2023,462.69,,153672.14
1196428,07/02/2023,POS CAB SERVICES,,07/02/2023,586.07,,153086.07
1196428,07/02/2023,SHOPPING,,07/02/2023,148.79,,152937.28
1196428,08/02/2023,POS INSTAMART,,08/02/2023,25.17,,152912.11
1196428,08/02/2023,POS CAB SERVICES,,08/02/2023,512.09,,152400.02
1196428,08/02/2023,SHOPPING,,08/02/2023,19.63,,152380.39
1196428,11/02/2023,POS CAB SERVICES,,11/02/2023,572.07,,151808.32
1196428,11/02/2023,SHOPPING,,11/02/2023,411.12,,151397.20
1196428,11/02/2023,POS INSTAMART,,11/02/2023,67.33,,151329.87
1196428,11/02/2023,POS INSTAMART,,11/02/2023,810.00,,150519.87
1196428,11/02/2023,POS CAB SERVICES,,11/02/2023,5483.00,,145036.87
1196428,12/02/2023,SHOPPING,,12/02/2023,318.88,,144717.99
1196428,12/02/2023,POS INSTAMART,,12/02/2023,524.20,,144193.79
1196428,12/02/2023,SHOPPING,,12/02/2023,136.00,,144057.79
1196428,12/02/2023,POS CAB SERVICES,,12/02/2023,243.71,,143814.08
1196428,12/02/2023,IMPS 904311124338 FAMILY,,12/02/2023,154.07,,143660.01
1196428,12/02/2023,POS CAB SERVICES,,12/02/2023,4692.00,,138968.01
1196428,12/02/2023,ZOMATO,,12/02/2023,703.66,,138264.35
1196428,12/02/2023,POS VEGETABLE SHOP,,12/02/2023,84.82,,138179.53
1196428,13/02/2023,RTGS-ICICH19044490628-Indfor ,,13/02/2023,,2000.00,140179.53
1196428,13/02/2023,ZOMATO,,13/02/2023,39.00,,140140.53
1196428,13/02/2023,IMPS 904311124338 FAMILY,,13/02/2023,133.02,,140007.51
1196428,13/02/2023,POS VEGETABLE SHOP,,13/02/2023,231.00,,139776.51
1196428,14/02/2023,IB:TPFT0099296221 3090067,,14/02/2023,1445.00,,138331.51
1196428,14/02/2023,IMPS 904311124338 FAMILY,,14/02/2023,5355.00,,132976.51
1196428,14/02/2023,RTGS-UTIBH19045627063-Indfor,,14/02/2023,,2000.00,134976.51
1196428,14/02/2023,POS BOOKMYSHOW,,14/02/2023,380.84,,134595.67
1196428,14/02/2023,POS CAB SERVICES,,14/02/2023,1261.15,,133334.52
1196428,15/02/2023,POS BOOKMYSHOW,,15/02/2023,100.27,,133234.25
1196428,15/02/2023,IMPS 904311124338 FAMILY,,15/02/2023,285.21,,132949.04
1196428,15/02/2023,POS DINEOUT,,15/02/2023,645.55,,132303.49
1196428,15/02/2023,POS VEGETABLE SHOP,,15/02/2023,237.15,,132066.34
1196428,16/02/2023,POS CAB SERVICES,,16/02/2023,5089.00,,126977.34
1196428,16/02/2023,POS VEGETABLE SHOP,,16/02/2023,384.37,,126592.97
1196428,18/02/2023,UPIPAYMENT,,18/02/2023,513.00,,126079.97
1196428,18/02/2023,POS CAB SERVICES,,18/02/2023,5286.00,,120793.97
1196428,18/02/2023,POS CAB SERVICES,,18/02/2023,646.85,,120147.12
1196428,18/02/2023,POS VEGETABLE SHOP,,18/02/2023,230.51,,119916.61
1196428,19/02/2023,IMPS 904311124338 FAMILY,,19/02/2023,5242.00,,114674.61
1196428,19/02/2023,UPIPAYMENT,,19/02/2023,164.00,,114510.61
1196428,19/02/2023,IMPS 904311124338 FAMILY,,19/02/2023,290.00,,114220.61
1196428,19/02/2023,POS VEGETABLE SHOP,,19/02/2023,245.95,,113974.66
1196428,20/02/2023,IMPS 904311124338 FAMILY,,20/02/2023,238.85,,113735.81
1196428,20/02/2023,SHOPPING,,20/02/2023,429.58,,113306.23
1196428,20/02/2023,UPIPAYMENT,,20/02/2023,323.26,,112982.97
1196428,20/02/2023,POS CAB SERVICES,,20/02/2023,5250.00,,107732.97
1196428,20/02/2023,IMPS 904311124338 FAMILY,,20/02/2023,68.77,,107664.20
1196428,20/02/2023,POS BOOKMYSHOW,,20/02/2023,349.47,,107314.73
1196428,20/02/2023,MLCU00701802742,,20/02/2023,474.51,,106840.22
1196428,20/02/2023,POS DINEOUT,,20/02/2023,125.31,,106714.91
1196428,20/02/2023,SHOPPING,,20/02/2023,4536.00,,102178.91
1196428,21/02/2023,IMPS 904311124338 FAMILY,,21/02/2023,541.93,,101636.98
1196428,21/02/2023,UPIPAYMENT,,21/02/2023,4700.00,,96936.98
1196428,21/02/2023,POS BOOKMYSHOW,,21/02/2023,215.86,,96721.12
1196428,21/02/2023,IMPS 904311124338 FAMILY,,21/02/2023,425.60,,96295.52
1196428,22/02/2023,POS CAB SERVICES,,22/02/2023,31.60,,96263.92
1196428,22/02/2023,IMPS 904311124338 FAMILY,,22/02/2023,134.40,,96129.52
1196428,22/02/2023,UPIPAYMENT,,22/02/2023,651.60,,95477.92
1196428,22/02/2023,POS VEGETABLE SHOP,,22/02/2023,560.52,,94917.40
1196428,25/02/2023,SHOPPING,,25/02/2023,326.60,,94590.80
1196428,25/02/2023,POS CAB SERVICES,,25/02/2023,465.71,,94125.09
1196428,25/02/2023,IMPS 904311124338 FAMILY,,25/02/2023,209.52,,93915.57
1196428,25/02/2023,POS BOOKMYSHOW,,25/02/2023,8.71,,93906.86
1196428,25/02/2023,POS DINEOUT,,25/02/2023,88.52,,93818.34
1196428,25/02/2023,POS VEGETABLE SHOP,,25/02/2023,466.96,,93351.38
1196428,26/02/2023,POS DINEOUT,,26/02/2023,334.59,,93016.79
1196428,26/02/2023,UPIPAYMENT,,26/02/2023,708.00,,92308.79
1196428,26/02/2023,POS CAB SERVICES,,26/02/2023,169.66,,92139.13
1196428,26/02/2023,UPIPAYMENT,,26/02/2023,488.52,,91650.61
1196428,26/02/2023,SHOPPING,,26/02/2023,245.60,,91405.01
1196428,26/02/2023,ZOMATO,,26/02/2023,112.53,,91292.48
1196428,26/02/2023,UPI-905717075848-TRANFER-,,26/02/2023,588.59,,90703.89
1196428,26/02/2023,POS VEGETABLE SHOP,,26/02/2023,324.48,,90379.41
1196428,27/02/2023,POS CAB SERVICES,,27/02/2023,71.96,,90307.45
1196428,27/02/2023,UPIPAYMENT,,27/02/2023,703.59,,89603.86
1196428,27/02/2023,UPIPAYMENT,,27/02/2023,625.60,,88978.26
1196428,27/02/2023,POS BOOKMYSHOW,,27/02/2023,75.60,,88902.66
1196428,27/02/2023,UPIPAYMENT,,27/02/2023,679.27,,88223.39
1196428,27/02/2023,SHOPPING,,27/02/2023,51.48,,88171.91
1196428,27/02/2023,UPIPAYMENT,,27/02/2023,258.92,,87912.99
1196428,27/02/2023,UPIPAYMENT,,27/02/2023,5291.00,,82621.99
1196428,27/02/2023,ZOMATO,,27/02/2023,332.16,,82289.83
1196428,27/02/2023,POS DINEOUT,,27/02/2023,328.00,,81961.83
1196428,27/02/2023,POS VEGETABLE SHOP,,27/02/2023,333.48,,81628.35
1196428,28/02/2023,UPIPAYMENT,,28/02/2023,24856.00,,56772.35
1196428,28/02/2023,ZOMATO,,28/02/2023,657.97,,56114.38
1196428,28/02/2023,IMPS 904311124338 FAMILY,,28/02/2023,61.33,,56053.05
1196428,28/02/2023,POS VEGETABLE SHOP,,28/02/2023,319.11,,55733.94
1196428,28/02/2023,INTEREST .Coll:01-02-20,,28/02/2023,,956.66,56690.60
1196428,01/06/2023,UPIPAYMENT,,01/03/2023,474.86,,56215.74
1196428,01/03/2023,SALARY,,01/03/2023,,120000.00,176215.74
1196428,01/03/2023,MAX BUPA HEALTH INSURANCE,,01/03/2023,6160.00,,170055.74
1196428,01/03/2023,EMI Phone(5/6),,01/03/2023,3000.00,,167055.74
1196428,01/03/2023,RENT INCOME,,01/03/2023,,30000.00,197055.74
1196428,01/03/2023,EMI Personal loan(5/24),704391,01/03/2023,5000.00,,192055.74
1196428,01/03/2023,CASHWITH,,01/03/2023,5000.00,,187055.74
1196428,02/03/2023,UPIPAYMENT,,02/03/2023,249.60,,186806.14
1196428,02/03/2023,VODAFONE MOBILE SERVICES,704389,02/03/2023,901.00,,185905.14
1196428,02/03/2023,VODAFONE MOBILE SERVICES,704388,02/03/2023,1472.00,,184433.14
1196428,02/03/2023,SWIGGY,,02/03/2023,66.00,,184367.14
1196428,02/03/2023,POS VEGETABLE SHOP,,02/03/2023,808.00,,183559.14
1196428,04/03/2023,IMPS 904311124338 FAMILY,,04/03/2023,112.84,,183446.30
1196428,04/03/2023,POS VEGETABLE SHOP,,04/03/2023,635.15,,182811.15
1196428,05/03/2023,UPIPAYMENT,,05/03/2023,636.55,,182174.60
1196428,05/03/2023,IMPS 904311124338 FAMILY,,05/03/2023,103.27,,182071.33
1196428,05/03/2023,SWIGGY,,05/03/2023,536.00,,181535.33
1196428,05/03/2023,SWIGGY,,05/03/2023,1589.00,,179946.33
1196428,05/03/2023,SWIGGY,,05/03/2023,2227.23,,177719.10
1196428,05/03/2023,POS BOOKMYSHOW,,05/03/2023,260.65,,177458.45
1196428,07/03/2023,POS INSTAMART,,07/03/2023,507.87,,176950.58
1196428,07/03/2023,POS CAB SERVICES,,07/03/2023,302.78,,176647.80
1196428,07/03/2023,SWIGGY,,07/03/2023,857.80,,175790.00
1196428,08/03/2023,POS INSTAMART,,08/03/2023,367.00,,175423.00
1196428,08/03/2023,POS CAB SERVICES,,08/03/2023,875.57,,174547.43
1196428,08/03/2023,SHOPPING,,08/03/2023,334.55,,174212.88
1196428,08/03/2023,SWIGGY,,08/03/2023,175.85,,174037.03
1196428,09/03/2023,POS INSTAMART,,09/03/2023,345.84,,173691.19
1196428,09/03/2023,POS CAB SERVICES,704310,09/03/2023,158.00,,173533.19
1196428,10/03/2023,SHOPPING,,10/03/2023,83.15,,173450.04
1196428,10/03/2023,POS DINEOUT,,10/03/2023,770.00,,172680.04
1196428,10/03/2023,SWIGGY,,10/03/2023,143.92,,172536.12
1196428,11/03/2023,POS INSTAMART,,11/03/2023,780.41,,171755.71
1196428,11/03/2023,POS INSTAMART,,11/03/2023,128.00,,171627.71
1196428,11/03/2023,POS CAB SERVICES,,11/03/2023,245.44,,171382.27
1196428,11/03/2023,ZOMATO,,11/03/2023,104.68,,171277.59
1196428,14/03/2023,POS INSTAMART,,14/03/2023,252.20,,171025.39
1196428,15/03/2023,POS CAB SERVICES,,15/03/2023,417.85,,170607.54
1196428,15/03/2023,SHOPPING,,15/03/2023,480.16,,170127.38
1196428,15/03/2023,SWIGGY,,15/03/2023,1157.08,,168970.30
1196428,15/03/2023,POS INSTAMART,,15/03/2023,500.20,,168470.10
1196428,15/03/2023,POS CAB SERVICES,,15/03/2023,101.82,,168368.28
1196428,15/03/2023,POS INSTAMART,704309,15/03/2023,222.50,,168145.78
1196428,15/03/2023,POS CAB SERVICES,,15/03/2023,228.67,,167917.11
1196428,15/03/2023,SHOPPING,,15/03/2023,636.64,,167280.47
1196428,16/03/2023,POS INSTAMART,,16/03/2023,10.55,,167269.92
1196428,16/03/2023,POS CAB SERVICES,,16/03/2023,686.24,,166583.68
1196428,16/03/2023,SHOPPING,,16/03/2023,531.42,,166052.26
1196428,16/03/2023,POS INSTAMART,,16/03/2023,544.00,,165508.26
1196428,19/03/2023,POS INSTAMART,,19/03/2023,1232.65,,164275.61
1196428,19/03/2023,POS CAB SERVICES,,19/03/2023,593.92,,163681.69
1196428,19/03/2023,SHOPPING,,19/03/2023,636.00,,163045.69
1196428,19/03/2023,POS INSTAMART,,19/03/2023,128.00,,162917.69
1196428,19/03/2023,POS INSTAMART,,19/03/2023,540.00,,162377.69
1196428,19/03/2023,POS CAB SERVICES,,19/03/2023,866.00,,161511.69
1196428,19/03/2023,POS INSTAMART,,19/03/2023,472.00,,161039.69
1196428,19/03/2023,POS INSTAMART,,19/03/2023,209.23,,160830.46
1196428,19/03/2023,POS CAB SERVICES,,19/03/2023,354.74,,160475.72
1196428,19/03/2023,SHOPPING,,19/03/2023,1200.00,,159275.72
1196428,19/03/2023,POS INSTAMART,,19/03/2023,983.38,,158292.34
1196428,19/03/2023,POS INSTAMART,,19/03/2023,791.00,,157501.34
1196428,21/03/2023,POS INSTAMART,,21/03/2023,42.00,,157459.34
1196428,21/03/2023,POS INSTAMART,,21/03/2023,739.00,,156720.34
1196428,22/03/2023,POS INSTAMART,,22/03/2023,193.00,,156527.34
1196428,22/03/2023,POS INSTAMART,,22/03/2023,434.18,,156093.16
1196428,22/03/2023,POS CAB SERVICES,,22/03/2023,696.98,,155396.18
1196428,22/03/2023,SHOPPING,,22/03/2023,723.43,,154672.75
1196428,23/03/2023,POS INSTAMART,,23/03/2023,919.54,,153753.21
1196428,23/03/2023,POS CAB SERVICES,,23/03/2023,716.53,,153036.68
1196428,23/03/2023,SHOPPING,,23/03/2023,1227.23,,151809.45
1196428,24/03/2023,POS INSTAMART,,24/03/2023,704.00,,151105.45
1196428,24/03/2023,POS CAB SERVICES,,24/03/2023,808.00,,150297.45
1196428,24/03/2023,POS INSTAMART,,24/03/2023,366.00,,149931.45
1196428,25/03/2023,POS CAB SERVICES,,25/03/2023,317.00,,149614.45
1196428,25/03/2023,POS INSTAMART,,25/03/2023,619.00,,148995.45
1196428,29/03/2023,POS INSTAMART,,29/03/2023,445.00,,148550.45
1196428,29/03/2023,SWIGGY,,29/03/2023,1495.23,,147055.22
1196428,29/03/2023,POS INSTAMART,,29/03/2023,341.12,,146714.10
1196428,29/03/2023,POS INSTAMART,,29/03/2023,109.61,,146604.49
1196428,30/03/2023,POS CAB SERVICES,704379,30/03/2023,52.01,,146552.48
1196428,31/03/2023,POS INSTAMART,,31/03/2023,526.00,,146026.48
1196428,31/03/2023,SWIGGY,,31/03/2023,780.99,,145245.49
1196428,31/03/2023,INTEREST .Coll:01-01-20,,31/03/2023,,1034.85,146280.34
1196428,01/04/2023,SALARY,,01/04/2023,,100000.00,246280.34
1196428,01/04/2023,MAX BUPA HEALTH INSURANCE,704273,01/04/2023,6160.00,,240120.34
1196428,01/04/2023,EMI Phone(6/6),,01/04/2023,3000.00,,237120.34
1196428,01/04/2023,RENT INCOME,,01/04/2023,,30000.00,267120.34
1196428,01/04/2023,EMI Personal loan(6/24),,01/04/2023,5000.00,,262120.34
1196428,02/04/2023,CASHWITH,704308,02/04/2023,5000.00,,257120.34
1196428,02/04/2023,SWIGGY,,02/04/2023,544.55,,256575.79
1196428,02/04/2023,POS INSTAMART,,02/04/2023,369.27,,256206.52
1196428,03/04/2023,POS CAB SERVICES,,03/04/2023,102.00,,256104.52
1196428,03/04/2023,SWIGGY,,03/04/2023,2159.00,,253945.52
1196428,03/04/2023,POS INSTAMART,,03/04/2023,2644.23,,251301.29
1196428,03/04/2023,POS CAB SERVICES,,03/04/2023,537.65,,250763.64
1196428,03/04/2023,SHOPPING,,03/04/2023,163.13,,250600.51
1196428,03/04/2023,SWIGGY,,03/04/2023,171.22,,250429.29
1196428,04/04/2023,POS INSTAMART,,04/04/2023,975.80,,249453.49
1196428,04/04/2023,POS CAB SERVICES,,04/04/2023,80.00,,249373.49
1196428,04/04/2023,SHOPPING,,04/04/2023,733.57,,248639.92
1196428,04/04/2023,ZOMATO,,04/04/2023,675.55,,247964.37
1196428,07/04/2023,POS INSTAMART,,07/04/2023,95.85,,247868.52
1196428,07/04/2023,POS CAB SERVICES,,07/04/2023,33.16,,247835.36
1196428,08/04/2023,POS INSTAMART,,08/04/2023,286.15,,247549.21
1196428,08/04/2023,POS CAB SERVICES,,08/04/2023,416.51,,247132.70
1196428,08/04/2023,SHOPPING,,08/04/2023,62.33,,247070.37
1196428,09/04/2023,POS INSTAMART,,09/04/2023,3.00,,247067.37
1196428,09/04/2023,POS CAB SERVICES,704310,09/04/2023,421.46,,246645.91
1196428,10/04/2023,SHOPPING,,10/04/2023,127.95,,246517.96
1196428,10/04/2023,TATA AIG GENERAL INSURANCE,704307,10/04/2023,1405.23,,245112.73
1196428,10/04/2023,POS DINEOUT,,10/04/2023,163.00,,244949.73
1196428,11/04/2023,POS INSTAMART,,11/04/2023,924.00,,244025.73
1196428,11/04/2023,POS INSTAMART,,11/04/2023,238.96,,243786.77
1196428,11/04/2023,POS CAB SERVICES,,11/04/2023,343.88,,243442.89
1196428,14/04/2023,POS INSTAMART,,14/04/2023,52.82,,243390.07
1196428,15/04/2023,POS CAB SERVICES,,15/04/2023,376.37,,243013.70
1196428,15/04/2023,SHOPPING,,15/04/2023,217.16,,242796.54
1196428,15/04/2023,POS INSTAMART,,15/04/2023,111.20,,242685.34
1196428,15/04/2023,POS CAB SERVICES,,15/04/2023,464.82,,242220.52
1196428,16/04/2023,POS INSTAMART,,16/04/2023,703.50,,241517.02
1196428,16/04/2023,POS CAB SERVICES,,16/04/2023,214.67,,241302.35
1196428,16/04/2023,SHOPPING,,16/04/2023,33.64,,241268.71
1196428,16/04/2023,POS INSTAMART,,16/04/2023,510.39,,240758.32
1196428,16/04/2023,POS CAB SERVICES,,16/04/2023,425.55,,240332.77
1196428,16/04/2023,POS INSTAMART,,16/04/2023,307.24,,240025.53
1196428,18/04/2023,POS INSTAMART,,18/04/2023,645.42,,239380.11
1196428,18/04/2023,POS INSTAMART,,18/04/2023,869.00,,238511.11
1196428,18/04/2023,POS CAB SERVICES,,18/04/2023,699.65,,237811.46
1196428,19/04/2023,POS INSTAMART,,19/04/2023,1321.92,,236489.54
1196428,19/04/2023,POS CAB SERVICES,,19/04/2023,930.00,,235559.54
1196428,19/04/2023,SHOPPING,,19/04/2023,566.00,,234993.54
1196428,19/04/2023,POS INSTAMART,,19/04/2023,985.00,,234008.54
1196428,19/04/2023,POS INSTAMART,,19/04/2023,500.00,,233508.54
1196428,19/04/2023,POS CAB SERVICES,,19/04/2023,266.23,,233242.31
1196428,19/04/2023,SHOPPING,,19/04/2023,33.26,,233209.05
1196428,19/04/2023,POS INSTAMART,,19/04/2023,587.00,,232622.05
1196428,19/04/2023,POS INSTAMART,,19/04/2023,764.38,,231857.67
1196428,19/04/2023,POS CAB SERVICES,,19/04/2023,315.00,,231542.67
1196428,19/04/2023,POS INSTAMART,,19/04/2023,57.40,,231485.27
1196428,19/04/2023,POS INSTAMART,,19/04/2023,800.00,,230685.27
1196428,19/04/2023,POS CAB SERVICES,,19/04/2023,666.00,,230019.27
1196428,19/04/2023,SHOPPING,,19/04/2023,332.00,,229687.27
1196428,19/04/2023,POS INSTAMART,,19/04/2023,488.00,,229199.27
1196428,19/04/2023,POS INSTAMART,,19/04/2023,162.18,,229037.09
1196428,21/04/2023,POS INSTAMART,,21/04/2023,944.43,,228092.66
1196428,21/04/2023,POS INSTAMART,,21/04/2023,59.54,,228033.12
1196428,22/04/2023,POS INSTAMART,,22/04/2023,120.00,,227913.12
1196428,22/04/2023,POS INSTAMART,,22/04/2023,168.00,,227745.12
1196428,22/04/2023,POS CAB SERVICES,,22/04/2023,134.00,,227611.12
1196428,22/04/2023,SHOPPING,,22/04/2023,456.00,,227155.12
1196428,23/04/2023,POS INSTAMART,,23/04/2023,24955.00,,202200.12
1196428,23/04/2023,POS CAB SERVICES,,23/04/2023,16.00,,202184.12
1196428,23/04/2023,SHOPPING,,23/04/2023,1273.21,,200910.91
1196428,24/04/2023,POS INSTAMART,,24/04/2023,185.12,,200725.79
1196428,24/04/2023,POS CAB SERVICES,,24/04/2023,333.39,,200392.40
1196428,24/04/2023,SWIGGY,,24/04/2023,156.01,,200236.39
1196428,24/04/2023,POS INSTAMART,,24/04/2023,105.00,,200131.39
1196428,25/04/2023,POS CAB SERVICES,,25/04/2023,1946.99,,198184.40
1196428,25/04/2023,SWIGGY,,25/04/2023,225.00,,197959.40
1196428,25/04/2023,POS INSTAMART,,25/04/2023,797.00,,197162.40
1196428,28/04/2023,ZOMATO,,28/04/2023,697.00,,196465.40
1196428,29/04/2023,POS INSTAMART,,29/04/2023,646.00,,195819.40
1196428,29/04/2023,POS INSTAMART,,29/04/2023,1110.15,,194709.25
1196428,29/04/2023,SWIGGY,,29/04/2023,89.55,,194619.70
1196428,29/04/2023,INTEREST .Coll:01-01-20,,29/04/2023,,788.23,195407.93
1196428,29/04/2023,POS INSTAMART,,29/04/2023,2042.00,,193365.93
1196428,30/04/2023,POS CAB SERVICES,704379,30/04/2023,5940.10,,187425.83
1196428,01/05/2023,SALARY,,01/05/2023,,100000.00,287425.83
1196428,01/05/2023,MAX BUPA HEALTH INSURANCE,,01/05/2023,6160.00,,281265.83
1196428,01/05/2023,RENT INCOME,,01/05/2023,,30000.00,311265.83
1196428,01/05/2023,EMI Personal loan(7/24),,01/05/2023,5000.00,,306265.83
1196428,01/05/2023,CASHWITH,,01/05/2023,5000.00,,301265.83
1196428,01/05/2023,SWIGGY,,01/05/2023,703.55,,300562.28
1196428,01/05/2023,POS INSTAMART,,01/05/2023,229.15,,300333.13
1196428,02/05/2023,POS CAB SERVICES,,02/05/2023,429.84,,299903.29
1196428,02/05/2023,SWIGGY,,02/05/2023,50.37,,299852.92
1196428,02/05/2023,POS INSTAMART,,02/05/2023,388.00,,299464.92
1196428,02/05/2023,POS CAB SERVICES,,02/05/2023,449.00,,299015.92
1196428,02/05/2023,SHOPPING,,02/05/2023,652.85,,298363.07
1196428,02/05/2023,POS INSTAMART,,02/05/2023,6.51,,298356.56
1196428,02/05/2023,POS CAB SERVICES,,02/05/2023,502.00,,297854.56
1196428,02/05/2023,SHOPPING,,02/05/2023,12.00,,297842.56
1196428,02/05/2023,POS INSTAMART,,02/05/2023,263.44,,297579.12
1196428,02/05/2023,POS CAB SERVICES,,02/05/2023,408.92,,297170.20
1196428,02/05/2023,POS INSTAMART,,02/05/2023,1011.41,,296158.79
1196428,02/05/2023,POS CAB SERVICES,,02/05/2023,429.00,,295729.79
1196428,02/05/2023,SHOPPING,,02/05/2023,100.00,,295629.79
1196428,02/05/2023,POS INSTAMART,,02/05/2023,450.44,,295179.35
1196428,02/05/2023,POS CAB SERVICES,,02/05/2023,821.68,,294357.67
1196428,02/05/2023,SHOPPING,,02/05/2023,427.20,,293930.47
1196428,02/05/2023,POS DINEOUT,,02/05/2023,600.27,,293330.20
1196428,02/05/2023,POS INSTAMART,,02/05/2023,588.88,,292741.32
1196428,02/05/2023,POS INSTAMART,,02/05/2023,639.58,,292101.74
1196428,02/05/2023,POS CAB SERVICES,,02/05/2023,95.50,,292006.24
1196428,04/05/2023,POS INSTAMART,,04/05/2023,596.26,,291409.98
1196428,04/05/2023,ZOMATO,,04/05/2023,305.47,,291104.51
1196428,04/05/2023,POS INSTAMART,,04/05/2023,219.51,,290885.00
1196428,04/05/2023,POS INSTAMART,,04/05/2023,620.00,,290265.00
1196428,04/05/2023,POS CAB SERVICES,,04/05/2023,38.00,,290227.00
1196428,04/05/2023,SHOPPING,,04/05/2023,13.43,,290213.57
1196428,05/05/2023,SWIGGY,,05/05/2023,527.84,,289685.73
1196428,05/05/2023,ZOMATO,,05/05/2023,173.00,,289512.73
1196428,05/05/2023,POS INSTAMART,,05/05/2023,265.00,,289247.73
1196428,05/05/2023,POS INSTAMART,,05/05/2023,589.60,,288658.13
1196428,05/05/2023,POS CAB SERVICES,,05/05/2023,38.95,,288619.18
1196428,05/05/2023,POS INSTAMART,,05/05/2023,592.29,,288026.89
1196428,06/05/2023,POS INSTAMART,,06/05/2023,378.20,,287648.69
1196428,06/05/2023,POS CAB SERVICES,,06/05/2023,55.58,,287593.11
1196428,06/05/2023,SHOPPING,,06/05/2023,300.60,,287292.51
1196428,07/05/2023,POS INSTAMART,,07/05/2023,208.60,,287083.91
1196428,07/05/2023,POS INSTAMART,,07/05/2023,106.60,,286977.31
1196428,07/05/2023,POS CAB SERVICES,,07/05/2023,246.68,,286730.63
1196428,07/05/2023,SHOPPING,704381,07/05/2023,58.60,,286672.03
1196428,07/05/2023,POS INSTAMART,,07/05/2023,15.71,,286656.32
1196428,07/05/2023,POS INSTAMART,,07/05/2023,357.59,,286298.73
1196428,07/05/2023,POS CAB SERVICES,,07/05/2023,667.59,,285631.14
1196428,07/05/2023,POS INSTAMART,,07/05/2023,534.00,,285097.14
1196428,08/05/2023,POS INSTAMART,,08/05/2023,682.66,,284414.48
1196428,08/05/2023,POS CAB SERVICES,,08/05/2023,171.48,,284243.00
1196428,08/05/2023,SHOPPING,,08/05/2023,475.10,,283767.90
1196428,08/05/2023,POS INSTAMART,,08/05/2023,378.60,,283389.30
1196428,08/05/2023,POS INSTAMART,,08/05/2023,627.04,,282762.26
1196428,08/05/2023,POS CAB SERVICES,,08/05/2023,366.59,,282395.67
1196428,08/05/2023,SHOPPING,,08/05/2023,700.60,,281695.07
1196428,08/05/2023,POS INSTAMART,,08/05/2023,247.60,,281447.47
1196428,08/05/2023,POS INSTAMART,,08/05/2023,523.27,,280924.20
1196428,08/05/2023,POS CAB SERVICES,,08/05/2023,91.60,,280832.60
1196428,08/05/2023,POS INSTAMART,,08/05/2023,198.52,,280634.08
1196428,08/05/2023,POS INSTAMART,,08/05/2023,298.48,,280335.60
1196428,08/05/2023,POS CAB SERVICES,,08/05/2023,537.14,,279798.46
1196428,08/05/2023,SHOPPING,,08/05/2023,134.48,,279663.98
1196428,08/05/2023,POS INSTAMART,,08/05/2023,113.46,,279550.52
1196428,08/05/2023,POS INSTAMART,,08/05/2023,67.14,,279483.38
1196428,08/05/2023,POS CAB SERVICES,,08/05/2023,201.96,,279281.42
1196428,08/05/2023,SHOPPING,,08/05/2023,89.96,,279191.46
1196428,08/05/2023,POS INSTAMART,,08/05/2023,302.59,,278888.87
1196428,08/05/2023,POS INSTAMART,,08/05/2023,158.83,,278730.04
1196428,08/05/2023,POS CAB SERVICES,,08/05/2023,504.97,,278225.07
1196428,08/05/2023,POS INSTAMART,,08/05/2023,65.33,,278159.74
1196428,08/05/2023,POS INSTAMART,,08/05/2023,518.11,,277641.63
1196428,08/05/2023,POS CAB SERVICES,,08/05/2023,309.67,,277331.96
1196428,08/05/2023,SHOPPING,,08/05/2023,127.14,,277204.82
1196428,08/05/2023,POS INSTAMART,,08/05/2023,636.69,,276568.13
1196428,08/05/2023,POS INSTAMART,,08/05/2023,60.93,,276507.20
1196428,08/05/2023,POS CAB SERVICES,,08/05/2023,777.79,,275729.41
1196428,08/05/2023,SHOPPING,,08/05/2023,250.17,,275479.24
1196428,08/05/2023,POS INSTAMART,,08/05/2023,595.09,,274884.15
1196428,08/05/2023,POS INSTAMART,,08/05/2023,301.00,,274583.15
1196428,08/05/2023,POS CAB SERVICES,,08/05/2023,11.82,,274571.33
1196428,08/05/2023,POS INSTAMART,,08/05/2023,175.00,,274396.33
1196428,08/05/2023,POS INSTAMART,,08/05/2023,425.82,,273970.51
1196428,08/05/2023,POS CAB SERVICES,,08/05/2023,648.24,,273322.27
1196428,08/05/2023,SHOPPING,,08/05/2023,190.08,,273132.19
1196428,08/05/2023,POS INSTAMART,,08/05/2023,143.78,,272988.41
1196428,08/05/2023,POS INSTAMART,,08/05/2023,42.37,,272946.04
1196428,08/05/2023,POS CAB SERVICES,,08/05/2023,65.93,,272880.11
1196428,08/05/2023,SHOPPING,,08/05/2023,116.12,,272763.99
1196428,11/05/2023,POS INSTAMART,,11/05/2023,318.67,,272445.32
1196428,11/05/2023,POS INSTAMART,,11/05/2023,358.00,,272087.32
1196428,11/05/2023,POS CAB SERVICES,,11/05/2023,4957.00,,267130.32
1196428,11/05/2023,POS INSTAMART,,11/05/2023,289.51,,266840.81
1196428,11/05/2023,POS INSTAMART,,11/05/2023,508.20,,266332.61
1196428,11/05/2023,POS CAB SERVICES,,11/05/2023,85.00,,266247.61
1196428,11/05/2023,SHOPPING,,11/05/2023,447.71,,265799.90
1196428,11/05/2023,POS INSTAMART,,11/05/2023,32.93,,265766.97
1196428,11/05/2023,POS INSTAMART,,11/05/2023,4979.00,,260787.97
1196428,11/05/2023,POS CAB SERVICES,,11/05/2023,835.66,,259952.31
1196428,11/05/2023,SHOPPING,,11/05/2023,213.82,,259738.49
1196428,11/05/2023,POS INSTAMART,,11/05/2023,4571.00,,255167.49
1196428,11/05/2023,POS INSTAMART,,11/05/2023,5.00,,255162.49
1196428,11/05/2023,POS CAB SERVICES,,11/05/2023,140.22,,255022.27
1196428,11/05/2023,POS INSTAMART,,11/05/2023,726.98,,254295.29
1196428,11/05/2023,POS INSTAMART,,11/05/2023,118.67,,254176.62
1196428,11/05/2023,POS CAB SERVICES,,11/05/2023,433.61,,253743.01
1196428,11/05/2023,SHOPPING,,11/05/2023,25.01,,253718.00
1196428,11/05/2023,POS INSTAMART,,11/05/2023,433.99,,253284.01
1196428,11/05/2023,POS INSTAMART,,11/05/2023,325.00,,252959.01
1196428,11/05/2023,POS CAB SERVICES,,11/05/2023,1396.00,,251563.01
1196428,12/05/2023,SHOPPING,,12/05/2023,5481.00,,246082.01
1196428,12/05/2023,POS INSTAMART,,12/05/2023,424.84,,245657.17
1196428,12/05/2023,POS INSTAMART,,12/05/2023,1491.15,,244166.02
1196428,12/05/2023,POS CAB SERVICES,,12/05/2023,591.55,,243574.47
1196428,12/05/2023,IMPS 904311124338 FAMILY,,12/05/2023,592.27,,242982.20
1196428,12/05/2023,POS CAB SERVICES,,12/05/2023,973.00,,242009.20
1196428,12/05/2023,ZOMATO,,12/05/2023,2422.00,,239587.20
1196428,12/05/2023,POS VEGETABLE SHOP,,12/05/2023,5972.10,,233615.10
1196428,13/05/2023,RTGS-ICICH19044490628-Indfor ,,13/05/2023,,2000.00,235615.10
1196428,13/05/2023,ZOMATO,,13/05/2023,539.65,,235075.45
1196428,13/05/2023,IMPS 904311124338 FAMILY,,13/05/2023,211.80,,234863.65
1196428,13/05/2023,POS VEGETABLE SHOP,,13/05/2023,407.85,,234455.80
1196428,14/05/2023,IB:TPFT0099296221 3090067,,14/05/2023,4724.00,,229731.80
1196428,14/05/2023,IMPS 904311124338 FAMILY,,14/05/2023,319.63,,229412.17
1196428,14/05/2023,RTGS-UTIBH19045627063-Indfor,,14/05/2023,,2000.00,231412.17
1196428,14/05/2023,POS BOOKMYSHOW,,14/05/2023,4908.00,,226504.17
1196428,14/05/2023,POS CAB SERVICES,,14/05/2023,51.15,,226453.02
1196428,14/05/2023,POS DINEOUT,,14/05/2023,704.00,,225749.02
1196428,14/05/2023,POS VEGETABLE SHOP,,14/05/2023,26.56,,225722.46
1196428,15/05/2023,POS BOOKMYSHOW,,15/05/2023,19869.00,,205853.46
1196428,15/05/2023,IMPS 904311124338 FAMILY,,15/05/2023,112.05,,205741.41
1196428,15/05/2023,POS DINEOUT,,15/05/2023,319.15,,205422.26
1196428,15/05/2023,POS VEGETABLE SHOP,,15/05/2023,204.58,,205217.68
1196428,16/05/2023,POS CAB SERVICES,,16/05/2023,37.26,,205180.42
1196428,16/05/2023,POS VEGETABLE SHOP,,16/05/2023,4541.00,,200639.42
1196428,18/05/2023,UPIPAYMENT,,18/05/2023,98.23,,200541.19
1196428,18/05/2023,UPIPAYMENT,,18/05/2023,132.53,,200408.66
1196428,18/05/2023,UPIPAYMENT,,18/05/2023,175.49,,200233.17
1196428,18/05/2023,UPIPAYMENT,,18/05/2023,219.69,,200013.48
1196428,18/05/2023,POS CAB SERVICES,,18/05/2023,4500.00,,195513.48
1196428,18/05/2023,POS BOOKMYSHOW,,18/05/2023,703.93,,194809.55
1196428,18/05/2023,POS CAB SERVICES,,18/05/2023,5157.00,,189652.55
1196428,18/05/2023,POS CAB SERVICES,,18/05/2023,31.20,,189621.35
1196428,18/05/2023,POS VEGETABLE SHOP,,18/05/2023,363.60,,189257.75
1196428,19/05/2023,IMPS 904311124338 FAMILY,,19/05/2023,306.14,,188951.61
1196428,19/05/2023,UPIPAYMENT,,19/05/2023,657.60,,188294.01
1196428,19/05/2023,IMPS 904311124338 FAMILY,,19/05/2023,661.60,,187632.41
1196428,19/05/2023,POS VEGETABLE SHOP,,19/05/2023,4835.00,,182797.41
1196428,20/05/2023,IMPS 904311124338 FAMILY,,20/05/2023,194.48,,182602.93
1196428,20/05/2023,UPIPAYMENT,,20/05/2023,126.60,,182476.33
1196428,20/05/2023,UPIPAYMENT,,20/05/2023,394.71,,182081.62
1196428,20/05/2023,POS CAB SERVICES,,20/05/2023,109.20,,181972.42
1196428,20/05/2023,IMPS 904311124338 FAMILY,,20/05/2023,119.60,,181852.82
1196428,20/05/2023,POS BOOKMYSHOW,,20/05/2023,398.52,,181454.30
1196428,20/05/2023,MLCU00701802742,,20/05/2023,102.71,,181351.59
1196428,20/05/2023,POS DINEOUT,,20/05/2023,293.48,,181058.11
1196428,20/05/2023,POS VEGETABLE SHOP,,20/05/2023,614.96,,180443.15
1196428,21/05/2023,IMPS 904311124338 FAMILY,,21/05/2023,105.41,,180337.74
1196428,21/05/2023,UPIPAYMENT,,21/05/2023,628.00,,179709.74
1196428,21/05/2023,SWIGGY,,21/05/2023,189.34,,179520.40
1196428,21/05/2023,SWIGGY,,21/05/2023,143.52,,179376.88
1196428,21/05/2023,POS BOOKMYSHOW,,21/05/2023,666.10,,178710.78
1196428,21/05/2023,IMPS 904311124338 FAMILY,,21/05/2023,318.37,,178392.41
1196428,22/05/2023,POS CAB SERVICES,,22/05/2023,729.60,,177662.81
1196428,22/05/2023,IMPS 904311124338 FAMILY,,22/05/2023,466.47,,177196.34
1196428,22/05/2023,UPIPAYMENT,,22/05/2023,193.41,,177002.93
1196428,22/05/2023,SWIGGY,,22/05/2023,201.52,,176801.41
1196428,22/05/2023,POS VEGETABLE SHOP,,22/05/2023,600.04,,176201.37
1196428,25/05/2023,UPIPAYMENT,,25/05/2023,634.59,,175566.78
1196428,25/05/2023,POS CAB SERVICES,,25/05/2023,16.60,,175550.18
1196428,25/05/2023,ZOMATO,,25/05/2023,420.60,,175129.58
1196428,25/05/2023,ZOMATO,,25/05/2023,585.27,,174544.31
1196428,25/05/2023,IMPS 904311124338 FAMILY,,25/05/2023,201.52,,174342.79
1196428,25/05/2023,POS BOOKMYSHOW,,25/05/2023,349.08,,173993.71
1196428,25/05/2023,POS DINEOUT,,25/05/2023,4747.00,,169246.71
1196428,25/05/2023,POS VEGETABLE SHOP,,25/05/2023,486.16,,168760.55
1196428,26/05/2023,POS DINEOUT,,26/05/2023,275.00,,168485.55
1196428,26/05/2023,UPIPAYMENT,,26/05/2023,588.52,,167897.03
1196428,26/05/2023,POS CAB SERVICES,,26/05/2023,274.00,,167623.03
1196428,26/05/2023,UPIPAYMENT,,26/05/2023,25192.00,,142431.03
1196428,26/05/2023,SWIGGY,,26/05/2023,37.97,,142393.06
1196428,26/05/2023,UPI-905717075848-TRANFER-,,26/05/2023,34.86,,142358.20
1196428,26/05/2023,POS VEGETABLE SHOP,,26/05/2023,5040.00,,137318.20
1196428,27/05/2023,POS CAB SERVICES,,27/05/2023,904.67,,136413.53
1196428,27/05/2023,UPIPAYMENT,,27/05/2023,260.30,,136153.23
1196428,27/05/2023,UPIPAYMENT,,27/05/2023,5224.00,,130929.23
1196428,27/05/2023,POS BOOKMYSHOW,,27/05/2023,25.49,,130903.74
1196428,27/05/2023,UPIPAYMENT,,27/05/2023,917.79,,129985.95
1196428,27/05/2023,UPIPAYMENT,,27/05/2023,37.17,,129948.78
1196428,27/05/2023,UPIPAYMENT,,27/05/2023,29.60,,129919.18
1196428,27/05/2023,UPIPAYMENT,,27/05/2023,1475.00,,128444.18
1196428,27/05/2023,ZOMATO,,27/05/2023,1113.00,,127331.18
1196428,27/05/2023,POS DINEOUT,,27/05/2023,262.00,,127069.18
1196428,27/05/2023,POS VEGETABLE SHOP,,27/05/2023,287.00,,126782.18
1196428,28/05/2023,UPIPAYMENT,,28/05/2023,705.15,,126077.03
1196428,28/05/2023,ZOMATO,,28/05/2023,751.55,,125325.48
1196428,28/05/2023,IMPS 904311124338 FAMILY,,28/05/2023,529.27,,124796.21
1196428,28/05/2023,POS VEGETABLE SHOP,,28/05/2023,535.00,,124261.21
1196428,28/05/2023,INTEREST .Coll:01-02-20,,28/05/2023,,956.66,125217.87
1196428,01/06/2023,UPIPAYMENT,,01/06/2023,2035.23,,123182.64
1196428,01/06/2023,SALARY,,01/06/2023,,120000.00,243182.64
1196428,01/06/2023,MAX BUPA HEALTH INSURANCE,,01/06/2023,6160.00,,237022.64
1196428,01/06/2023,RENT INCOME,,01/06/2023,,30000.00,267022.64
1196428,01/06/2023,EMI Personal loan(8/24),704391,01/06/2023,5000.00,,262022.64
1196428,01/06/2023,CASHWITH,,01/06/2023,5000.00,,257022.64
1196428,02/06/2023,UPIPAYMENT,,02/06/2023,386.85,,256635.79
1196428,02/06/2023,VODAFONE MOBILE SERVICES,704389,02/06/2023,442.84,,256192.95
1196428,02/06/2023,VODAFONE MOBILE SERVICES,704388,02/06/2023,183.00,,256009.95
1196428,02/06/2023,POS VEGETABLE SHOP,,02/06/2023,526.51,,255483.44
1196428,04/06/2023,IMPS 904311124338 FAMILY,,04/06/2023,368.00,,255115.44
1196428,04/06/2023,POS VEGETABLE SHOP,,04/06/2023,267.92,,254847.52
1196428,05/06/2023,UPIPAYMENT,,05/06/2023,456.41,,254391.11
1196428,05/06/2023,IMPS 904311124338 FAMILY,,05/06/2023,326.00,,254065.11
1196428,05/06/2023,POS BOOKMYSHOW,,05/06/2023,109.15,,253955.96
1196428,07/06/2023,POS INSTAMART,,07/06/2023,753.57,,253202.39
1196428,07/06/2023,POS CAB SERVICES,,07/06/2023,573.50,,252628.89
1196428,08/06/2023,POS INSTAMART,,08/06/2023,611.44,,252017.45
1196428,08/06/2023,POS CAB SERVICES,,08/06/2023,220.00,,251797.45
1196428,08/06/2023,SHOPPING,,08/06/2023,10.00,,251787.45
1196428,09/06/2023,POS INSTAMART,,09/06/2023,459.00,,251328.45
1196428,09/06/2023,POS CAB SERVICES,704310,09/06/2023,73.00,,251255.45
1196428,10/06/2023,SHOPPING,,10/06/2023,504.00,,250751.45
1196428,10/06/2023,POS DINEOUT,,10/06/2023,229.88,,250521.57
1196428,11/06/2023,POS INSTAMART,,11/06/2023,306.18,,250215.39
1196428,11/06/2023,POS INSTAMART,,11/06/2023,96.63,,250118.76
1196428,11/06/2023,POS CAB SERVICES,,11/06/2023,101.16,,250017.60
1196428,11/06/2023,SWIGGY,,11/06/2023,927.08,,249090.52
1196428,14/06/2023,POS INSTAMART,,14/06/2023,84.24,,249006.28
1196428,15/06/2023,POS CAB SERVICES,,15/06/2023,688.42,,248317.86
1196428,15/06/2023,SHOPPING,,15/06/2023,300.00,,248017.86
1196428,15/06/2023,SWIGGY,,15/06/2023,469.65,,247548.21
1196428,15/06/2023,POS INSTAMART,,15/06/2023,847.92,,246700.29
1196428,15/06/2023,POS CAB SERVICES,,15/06/2023,666.00,,246034.29
1196428,15/06/2023,SWIGGY,,15/06/2023,342.00,,245692.29
1196428,15/06/2023,POS INSTAMART,704309,15/06/2023,828.00,,244864.29
1196428,15/06/2023,POS CAB SERVICES,,15/06/2023,604.00,,244260.29
1196428,15/06/2023,SHOPPING,,15/06/2023,605.00,,243655.29
1196428,16/06/2023,SWIGGY,,16/06/2023,311.23,,243344.06
1196428,16/06/2023,POS INSTAMART,,16/06/2023,170.26,,243173.80
1196428,16/06/2023,POS CAB SERVICES,,16/06/2023,1240.00,,241933.80
1196428,16/06/2023,SHOPPING,,16/06/2023,1321.38,,240612.42
1196428,16/06/2023,POS INSTAMART,,16/06/2023,765.00,,239847.42
1196428,17/06/2023,POS CAB SERVICES,,17/06/2023,285.40,,239562.02
1196428,17/06/2023,SHOPPING,,17/06/2023,244.00,,239318.02
1196428,17/06/2023,POS INSTAMART,,17/06/2023,690.00,,238628.02
1196428,17/06/2023,POS INSTAMART,,17/06/2023,353.00,,238275.02
1196428,17/06/2023,POS CAB SERVICES,,17/06/2023,221.00,,238054.02
1196428,17/06/2023,SHOPPING,,17/06/2023,31.82,,238022.20
1196428,18/06/2023,SWIGGY,,18/06/2023,1159.98,,236862.22
1196428,18/06/2023,POS INSTAMART,,18/06/2023,1022.43,,235839.79
1196428,18/06/2023,POS INSTAMART,,18/06/2023,664.54,,235175.25
1196428,18/06/2023,POS CAB SERVICES,,18/06/2023,974.53,,234200.72
1196428,19/06/2023,POS INSTAMART,,19/06/2023,614.23,,233586.49
1196428,19/06/2023,POS CAB SERVICES,,19/06/2023,471.00,,233115.49
1196428,19/06/2023,SHOPPING,,19/06/2023,414.00,,232701.49
1196428,19/06/2023,SWIGGY,,19/06/2023,10.00,,232691.49
1196428,19/06/2023,POS INSTAMART,,19/06/2023,630.78,,232060.71
1196428,19/06/2023,POS INSTAMART,,19/06/2023,339.00,,231721.71
1196428,19/06/2023,POS CAB SERVICES,,19/06/2023,679.08,,231042.63
1196428,19/06/2023,POS INSTAMART,,19/06/2023,257.24,,230785.39
1196428,19/06/2023,POS INSTAMART,,19/06/2023,777.42,,230007.97
1196428,21/06/2023,SWIGGY,,21/06/2023,500.00,,229507.97
1196428,21/06/2023,POS INSTAMART,,21/06/2023,815.65,,228692.32
1196428,21/06/2023,POS INSTAMART,,21/06/2023,975.92,,227716.40
1196428,22/06/2023,SWIGGY,,22/06/2023,500.00,,227216.40
1196428,22/06/2023,POS INSTAMART,,22/06/2023,500.00,,226716.40
1196428,22/06/2023,POS INSTAMART,,22/06/2023,500.00,,226216.40
1196428,22/06/2023,POS CAB SERVICES,,22/06/2023,500.00,,225716.40
1196428,22/06/2023,SHOPPING,,22/06/2023,500.00,,225216.40
1196428,23/06/2023,POS INSTAMART,,23/06/2023,127.23,,225089.17
1196428,23/06/2023,POS CAB SERVICES,,23/06/2023,119.74,,224969.43
1196428,23/06/2023,SHOPPING,,23/06/2023,775.00,,224194.43
1196428,23/06/2023,SWIGGY,,23/06/2023,877.38,,223317.05
1196428,24/06/2023,POS INSTAMART,,24/06/2023,500.00,,222817.05
1196428,24/06/2023,POS CAB SERVICES,,24/06/2023,138.60,,222678.45
1196428,24/06/2023,SWIGGY,,24/06/2023,500.00,,222178.45
1196428,24/06/2023,POS INSTAMART,,24/06/2023,500.00,,221678.45
1196428,25/06/2023,POS CAB SERVICES,,25/06/2023,118.00,,221560.45
1196428,25/06/2023,SWIGGY,,25/06/2023,1.00,,221559.45
1196428,25/06/2023,POS INSTAMART,,25/06/2023,0.18,,221559.27
1196428,28/06/2023,SWIGGY,,28/06/2023,889.98,,220669.29
1196428,29/06/2023,POS INSTAMART,,29/06/2023,584.43,,220084.86
1196428,29/06/2023,SWIGGY,,29/06/2023,445.54,,219639.32
1196428,29/06/2023,SWIGGY,,29/06/2023,640.53,,218998.79
1196428,29/06/2023,POS INSTAMART,,29/06/2023,788.23,,218210.56
1196428,29/06/2023,POS INSTAMART,,29/06/2023,20.00,,218190.56
1196428,30/06/2023,POS CAB SERVICES,704379,30/06/2023,324.00,,217866.56
1196428,30/06/2023,POS INSTAMART,,31/06/2023,500.00,,217366.56
1196428,30/06/2023,SWIGGY,,31/06/2023,737.78,,216628.78
1196428,30/06/2023,INTEREST .Coll:01-01-20,,31/06/2023,,1034.85,217663.63